5180994280164189212,982540,1489869760
-3893784752932583700,982540,1489869753
-9200358456900939684,982540,1489869743
851923616097216820,982540,1489869761
2001106450014027725,953902,1489869757
6085819489503661031,984741,1489869747
-8077243801518095000,970904,1489869768
-1008017329662619134,414579,1489869737
-2844731962735339244,987071,1489869753
-7967678557411040578,987071,1489869781
-7128266944247509444,987071,1489869736
6058619555571461821,987071,1489869743
-1186385286789176797,987071,1489869745
-2135628709458174779,987071,1489869729
-2319391027144758361,987071,1489869771
1631357710844165762,987071,1489869782
-1239717035725091777,987071,1489869752
-5653918537056572228,987071,1489869762
-7475724041428355868,987071,1489869747
-6400653835449383132,987071,1489869769
-8550335279501225721,987071,1489869740
3056553206750887087,987071,1489869763
9044514582792371314,987071,1489869778
9148947321806049240,987071,1489869780
6465210973662614629,987071,1489869751
1262586351581385126,987071,1489869741
1786980537912552215,987071,1489869762
-5404293016640123045,987071,1489869783
-411681073585675541,987071,1489869747
3635516061261555900,987071,1489869767
6711093205289236351,987071,1489869777
1120803908612977410,987071,1489869734
-7007024305381092715,987071,1489869778
-8015735903901569362,987071,1489869736
1962956458681695958,987071,1489869782
6327623204202405460,987071,1489869763
1980796444026194269,987071,1489869771
8383967893610410703,987071,1489869740
4399918265346307561,987071,1489869732
2776867206715008334,987071,1489869768
4653914393930367609,987071,1489869757
8434093581610690962,987043,1489869750
5635944385657957922,987043,1489869737
-7885801619194371187,987043,1489869729
-1185560270640015475,987043,1489869729
2043764711436781951,981680,1489869772
3213028502180799101,962359,1489869746
-3870661985258361742,975213,1489869765
5642245412609876566,936892,1489869769
6543722548212519154,986872,1489869765
-4866449892597122128,986946,1489869751
-752470681956465324,986946,1489869755
2330012547986768833,986946,1489869750
-5036255691536230318,986946,1489869757
-8075207051136163435,986946,1489869762
-3603782970724770928,986946,1489869730
5622046577086885417,986946,1489869733
-796156934329146996,986946,1489869731
-1283790154761192576,986946,1489869752
-7010146594290137651,986946,1489869752
8655989213677857671,986946,1489869728
-3847002801626652682,986946,1489869758
7083779796391251122,986946,1489869777
4299661423080289726,986946,1489869757
8019654403322253399,986946,1489869771
809029313444030599,986946,1489869767
579269592284436685,986946,1489869772
5551003178661923152,986946,1489869768
2507291513488593892,986946,1489869766
3412792578267080778,986946,1489869765
6486354346710176589,986946,1489869773
3194643240247009313,986946,1489869781
2293756214441194736,986946,1489869738
8562228384730270712,986946,1489869729
-7723095830628960233,986946,1489869781
2382013280407481240,986946,1489869775
-1761041998938347682,987103,1489869739
-3580579233653972481,987103,1489869761
-6873300065299049138,987103,1489869755
-2838113170178941187,987103,1489869746
-7958037493493565556,987103,1489869777
-3644408462666426228,987103,1489869732
-9149532905255610343,987103,1489869729
2108390762488119775,987103,1489869758
-6289596228684976540,987103,1489869763
-1580057207556130754,987103,1489869735
3962029679057969397,987103,1489869739
8833826217382605366,987103,1489869749
7419219387406146457,987103,1489869741
-3457154545664838698,987103,1489869780
-4761655743262949804,987103,1489869750
3152477081397893553,987103,1489869770
-1323644220617703536,987103,1489869763
-3464605316303214319,987103,1489869773
6753934509743988697,987103,1489869773
-2318750442763141368,987103,1489869774
-5285488977304160279,987103,1489869738
1137769486761540163,987103,1489869770
-3078211177110629323,987103,1489869757
6234185079960701462,986733,1489869760
6648154352300362350,986733,1489869764
6192902832815976532,986771,1489869782
-1182819509330822366,956572,1489869735
-3527949836188961245,926178,1489869778
-2677797651887104915,987085,1489869765
4826262170991998219,987085,1489869747
-3666535182864829492,986954,1489869771
-5204520292129226614,986954,1489869742
-5495214747544127202,986954,1489869746
-2436156176589884960,894007,1489869748
2093794845525608355,986853,1489869734
-8645984718441149559,986939,1489869774
-4440903383136176904,986939,1489869777
6663611108349999519,986939,1489869757
-6340812436085044745,986939,1489869776
-4907418257348854909,986751,1489869733
-4009102596613310658,986751,1489869777
-517383095018690637,985262,1489869777
1592455718116575040,985262,1489869777
3432458912821504563,985262,1489869742
5196585259924856317,985262,1489869768
-2034115312257140059,985262,1489869752
1228620914372364079,985262,1489869776
-1484798785372938512,985262,1489869777
-5649635921951684339,985262,1489869757
-6824109153000416636,985262,1489869747
6424457885743528682,985262,1489869782
-210337958583273258,985262,1489869771
4405046459063759608,985262,1489869748
7444449125558227650,985262,1489869775
207072775033278652,986336,1489869772
-1853142264377681351,984739,1489869739
-1082100246463371784,984739,1489869734
-4073802656265241688,987060,1489869744
-5584446840282072,987060,1489869730
1096160386849169596,987060,1489869734
-3103007576677727227,987060,1489869774
4273993253839920295,987060,1489869744
513687773765114014,987060,1489869767
-6592140734797016055,987060,1489869735
-2844731962735339244,987060,1489869761
443249166881991238,987060,1489869777
-5142095496655950853,987060,1489869749
-6286609585655735790,987060,1489869729
2536504242047329940,987060,1489869750
-804628901626098232,987072,1489869780
-6698813285684749036,987072,1489869758
-7691875304782304749,987072,1489869750
-1907222647696734956,987072,1489869777
8367895624333336867,987072,1489869733
8574281834782493891,987072,1489869767
-3661833931250986916,987072,1489869727
1933427145774420490,987072,1489869778
5341869206745358651,987072,1489869740
3928114045848851435,987072,1489869736
8943302469704650727,987072,1489869727
6873472072979752255,987072,1489869755
3048833968403087434,987072,1489869781
2989279121744574236,987072,1489869781
176070051887463028,987089,1489869768
8958604062469718926,987089,1489869735
6877895470821590233,987089,1489869764
-3425836424401129745,987089,1489869774
1576396362672886732,987089,1489869773
-4108964372101102000,987089,1489869763
-6144898264015123735,987089,1489869773
-2632607034957357819,987089,1489869780
130175799502260361,987089,1489869744
-2408450394272114544,987089,1489869747
7050529537384521378,987089,1489869778
-7851179909797580338,987089,1489869781
-2677797651887104915,987089,1489869735
5047892005182341524,987089,1489869739
1384683170504849721,987089,1489869775
-3090146497527269214,987089,1489869742
8172465626131114565,987089,1489869738
5432087233772111284,987089,1489869749
2783018718525975128,987089,1489869738
-1878467866235273053,987089,1489869729
1029296515257369096,987089,1489869756
-1654689468075151091,987089,1489869727
-6658823002191970655,987089,1489869753
-6397873867620877114,987089,1489869739
-4350486783507877805,987089,1489869783
-6251215095161362368,987089,1489869782
3780815784190244508,987089,1489869746
2856245704858564555,987089,1489869765
-6974956666374008116,987089,1489869756
7299649797618571207,987089,1489869738
2810206819529896346,987089,1489869768
5873738886565027858,987089,1489869736
-3410966133051643970,987089,1489869762
-3174458924022818093,987089,1489869775
7419305969652636623,987089,1489869783
1006426453591663624,987089,1489869780
5598241584128953198,987089,1489869753
-766649134902029281,987089,1489869776
5443210689151301701,987089,1489869762
4002941957093156408,987089,1489869772
13321721486038450,987089,1489869757
2310240820887555255,987089,1489869744
-9014592162589522895,987089,1489869770
-1462793555567420757,986584,1489869767
1328914061444046251,981213,1489869733
6857746347301465672,987037,1489869778
4528851001327739809,987037,1489869749
-2551066221131949010,987037,1489869770
-1819924650068656584,987037,1489869746
-7885801619194371187,987037,1489869778
-4142987902802110708,987037,1489869763
2465710079147348337,987037,1489869777
4851842598279617320,896219,1489869752
973904632880222154,972465,1489869757
-2080539363063688050,913705,1489869747
-769767218471520783,985589,1489869749
4791815599384976459,985589,1489869746
-4373117376593166305,884341,1489869736
-1584254207709248372,985329,1489869725
-2366979285528947524,986663,1489869772
-3580681733886658032,986719,1489869734
-5036255691536230318,986719,1489869761
-6284689751701532745,982451,1489869756
8034191709102638842,884006,1489869757
-7558249820945109461,420831,1489869750
151806638680357410,412887,1489869783
-6389350321163838616,987009,1489869745
-9179547659378566020,986911,1489869733
-2190048729532832210,987027,1489869750
-4102913127450452821,987027,1489869739
-5782950300804429696,987027,1489869735
-2613036730075056843,987027,1489869741
2870413570481528221,987027,1489869725
-659240073863172952,987027,1489869728
2864116163335567672,987027,1489869741
4081735832981244584,987027,1489869740
8383893535803686775,987027,1489869731
-2494945732087163232,987027,1489869759
1130727556044470924,987027,1489869735
6857746347301465672,987027,1489869778
741896424782998015,987027,1489869730
-1330140467619514393,987027,1489869727
-2270202012244613370,987027,1489869757
-6422679614574734813,987027,1489869781
5859139516392833918,987027,1489869749
4528851001327739809,987027,1489869749
7303612326238762476,987027,1489869766
-5296430858167777986,987027,1489869767
-1819924650068656584,987027,1489869746
-2551066221131949010,987027,1489869770
3590396435786952660,987027,1489869738
-74283905700084672,987027,1489869750
200986755727027243,987027,1489869724
-7360148259741938275,983930,1489869747
2488547991356807789,985944,1489869726
5055515985074248521,985944,1489869739
8249360600359108309,985944,1489869727
-7287899730169798094,985944,1489869777
-4220098454875883227,985944,1489869733
-803646045707071856,985944,1489869731
7404968308503020547,985944,1489869736
-4790643753139797680,985944,1489869754
-5037520786979201517,986961,1489869743
-13908199549158826,986961,1489869747
1545720452136309217,986961,1489869782
5814490767446986409,986961,1489869738
8333096610446541571,986961,1489869781
-424981763091191905,986961,1489869774
-3927138088222237612,986961,1489869756
-1087607579826661174,986961,1489869759
7581547490231112925,986961,1489869757
6700340183739271734,986961,1489869778
-4504270731379335013,987017,1489869732
8569473061325788212,987017,1489869732
6663611108349999519,987017,1489869724
-1591796689469301723,987017,1489869765
-5863105891712118041,987017,1489869775
7211754887170818983,986909,1489869778
-1809882708045071464,986909,1489869767
8102662939908026690,986909,1489869751
2514228538542503371,984735,1489869779
-4361611798919630453,984735,1489869743
6022521470138223253,984735,1489869732
-5559792124044330476,986702,1489869733
19545897168802144,986702,1489869769
-1986527720898825733,986702,1489869733
-2776201036623237657,986702,1489869770
-796156934329146996,986702,1489869755
3273188174588148364,986702,1489869767
-8859810878048502646,986702,1489869732
1013042202446207775,986702,1489869739
-2997226336800995973,986702,1489869778
4794573357873885336,986702,1489869781
-5664848644136069827,986702,1489869781
-3556813033661861060,986702,1489869731
-6806144007904312959,986702,1489869756
-7475327781063901710,986702,1489869772
-803646045707071856,986702,1489869727
1599231914334249423,986702,1489869766
-5975500592209730690,986702,1489869779
2588088332430215809,986702,1489869766
7865248021613854141,986682,1489869782
-833795703564332651,986682,1489869736
-5233952845697639696,986682,1489869754
-3557052931805683853,986682,1489869747
3689462708843681779,986682,1489869783
-6434731223986209502,986682,1489869747
5666762618229837400,986682,1489869769
-5966448746754770087,986682,1489869727
7154793922144388649,986682,1489869741
-5398054621003117440,986682,1489869750
-2873042497195121769,986682,1489869726
-998963979499771277,986682,1489869742
-6813233390004496434,986682,1489869740
-3131630046415404606,986682,1489869769
9160332913914369649,986682,1489869771
2574337547073165505,986682,1489869754
-7695916980276846601,986682,1489869774
-2402506709915032051,986682,1489869741
-775294188489187664,986682,1489869738
2737533214121660511,986682,1489869756
-2699260369125334844,986682,1489869767
-7022215730551318187,986682,1489869742
-4445485379945536554,986682,1489869783
4682651264523053035,986682,1489869740
-190067111731193830,986682,1489869736
-1324357165038208422,986682,1489869775
805552694426083421,986682,1489869776
-2447980940925473738,986682,1489869734
-3285838299166514936,986682,1489869737
1799466399830973823,986682,1489869779
6722399938879977639,986682,1489869726
1771004710386934997,986682,1489869779
-6924350775674524604,986682,1489869778
-5212644940198032513,986682,1489869737
7167188155587575703,986682,1489869775
-101493164889295028,986682,1489869744
4794573357873885336,986682,1489869729
-8127066231985394024,986682,1489869749
-5351749920962481397,986682,1489869765
7238688058195982118,986682,1489869728
7464279818206104859,986682,1489869773
-5543391663130902273,986682,1489869728
-3893784752932583700,986682,1489869742
-5611422032410814278,986682,1489869766
4642311360376518271,986682,1489869760
-1571918666548680778,986682,1489869725
5329248069655110341,986682,1489869782
5205537255363164353,986682,1489869780
-638288308629285727,986682,1489869778
-1945788983033683773,986682,1489869736
-8070848783087691763,986682,1489869770
3857959551348330261,986682,1489869778
3140405444155817511,986682,1489869769
-8410376356279391023,986682,1489869736
-123754020813745487,986682,1489869770
-202095922367944761,986682,1489869773
3051308819200169775,986682,1489869752
8694638143236082402,986682,1489869780
7949350398404638815,986682,1489869741
-9219717586310353543,986682,1489869774
-8091942988072026551,986682,1489869726
5710736132162928571,986682,1489869763
4084947469737610052,986682,1489869737
-3415462880258538166,986682,1489869765
5186366745367602330,986682,1489869735
8051778255905603253,986682,1489869726
-2805652049022231460,986682,1489869731
5250705498664889596,986682,1489869748
-2466982753705964896,986682,1489869752
8190878403675182465,986682,1489869774
-4813180627428085891,986682,1489869734
6997781340258954066,986682,1489869731
5931779486861186199,986682,1489869746
-7154356851237083389,986682,1489869783
201725502445712171,986682,1489869738
1708095101453791897,986682,1489869736
-7010537900972389953,986682,1489869782
2770240799466681388,986682,1489869778
-2914548386345866910,986682,1489869762
-5468296691321005694,986682,1489869748
1932945218799783563,986682,1489869763
7050115309580769874,986682,1489869766
-5716610123556603217,986682,1489869764
8236274838436034910,986682,1489869739
-3734094041608694401,986682,1489869760
-5820422854159129409,986682,1489869766
1247129985754449751,986682,1489869783
5774904537301422723,986682,1489869731
-2695433110767581303,986682,1489869732
-6387856094012340544,986682,1489869763
8049906448932191398,986682,1489869731
5872705267576882844,986682,1489869738
-5992042733147352511,986682,1489869743
6551136364894042277,986682,1489869729
-1755157496820367804,986682,1489869737
4370709182306308648,986682,1489869777
-5689616332297449809,986682,1489869779
-952485755477280936,986682,1489869779
5476343355849825591,986682,1489869768
-3871265889996710280,986682,1489869730
-1993463102239510416,986682,1489869759
8349515955623429519,986682,1489869753
5541123344508549864,986682,1489869770
-7975610673401142515,986682,1489869741
6224768968337908241,986682,1489869783
3349389558765962217,986682,1489869739
683060026756718018,986682,1489869761
3252941344036623140,986682,1489869778
-6569141554944490247,986682,1489869761
-2943113308691667548,986682,1489869766
-4273241581509093825,986682,1489869781
-6480303543128043068,986682,1489869746
-8301334402558804732,986682,1489869758
-8201761103406376225,986682,1489869777
59524690506952425,986682,1489869758
8802854314386843890,986682,1489869741
-3174228754824170981,986682,1489869778
9167454815246867483,986682,1489869765
-5524673686536843672,986682,1489869746
7407109554559772140,986682,1489869737
7448733361765716045,986682,1489869752
-2588499681923476809,986682,1489869766
5094308582378416870,986682,1489869748
4726694382780299839,986682,1489869741
-7912026184057550090,986682,1489869777
-236464962476816287,986682,1489869736
-6908924859504238126,986682,1489869727
4841168023776223517,986682,1489869775
-7822421660175759213,986682,1489869756
9211237015269811123,986682,1489869757
2525402920347630111,986682,1489869758
-7810103822587738259,986682,1489869734
-1888827328207243923,986682,1489869726
-3643177065253146437,986682,1489869783
180969233013145377,986682,1489869745
-5932662432914052727,986682,1489869764
-2543908882538907999,986682,1489869771
1269667796238820120,986682,1489869773
-6142549439497116086,986682,1489869774
-9081985565055481653,986682,1489869776
4313301670224905836,986682,1489869782
2793567462435458916,986682,1489869763
1725737170834844017,986682,1489869766
-251638799797526654,986682,1489869757
-3738084857468935529,986682,1489869760
4415916120875777880,986682,1489869733
-8212495135580715021,986682,1489869765
3604177909277957393,986682,1489869759
4468398943445998130,986682,1489869756
-2045710268237243663,986682,1489869748
-8664630146029612166,986682,1489869757
1736058491787634872,986682,1489869776
1120127457325375011,986682,1489869734
-3928744844686524002,986682,1489869762
-1135425820329622305,986682,1489869783
6620021737497448396,986682,1489869747
1138286122797636897,986682,1489869767
-8264320770652322202,986682,1489869763
-1499862263063447576,986682,1489869768
-9064540113868327565,986682,1489869733
-1340721413613441302,986682,1489869766
-4995017410187367906,986682,1489869768
-5559868398248556914,986682,1489869747
6297420023271843437,986682,1489869766
6136128804113647059,986682,1489869752
-7357453067449701012,986682,1489869729
2412702135736751877,986682,1489869771
-5767052497854768244,986682,1489869729
-7133599152914813204,986682,1489869766
1053476068120032620,986682,1489869761
2008169029687003053,986682,1489869753
-6493518661346957434,986682,1489869735
-4656661282766108343,986682,1489869774
3204224027325262636,986682,1489869771
5903886141354150930,986682,1489869777
-1924267645775481550,986682,1489869733
3125940936989882708,986682,1489869748
399115389799607138,986682,1489869758
5944075768427070823,986682,1489869762
-7692916330898776221,986682,1489869737
2489986409794814772,986682,1489869768
9112508195123173515,986682,1489869758
4560823595770058901,986682,1489869754
2652579473596817080,986682,1489869729
-8225339723100192908,986682,1489869761
-7552176892627836763,986682,1489869758
-724384561400765889,986682,1489869769
7686647761955700175,986682,1489869737
4732277842696250436,986682,1489869753
-6565459145802217989,986682,1489869743
-363797316310850407,986682,1489869764
-8791953696491120116,986682,1489869780
2616843521787453031,986682,1489869751
-7937380930596057945,986682,1489869776
-1896199546531164711,986682,1489869735
-2208047708371061071,986682,1489869729
-2807861306802267724,986682,1489869728
1166003694022289101,986682,1489869764
-3112080001818358618,986682,1489869744
4527268888631237397,986682,1489869758
-4416608780197595428,986682,1489869725
9195649913426413922,986682,1489869779
8135534054959493382,986682,1489869769
217119720101585212,986682,1489869757
8014973606546862478,986682,1489869741
-524545063525106030,986682,1489869727
-5900910773194822418,986682,1489869767
-5685192572114831972,986682,1489869749
4372178499905216041,986682,1489869775
2430427597054905748,986682,1489869724
-1283790154761192576,986682,1489869758
1353555537935818538,986682,1489869748
8723932377285313987,986682,1489869766
-3640812729468811289,986682,1489869784
8279275564491440904,986682,1489869777
6154026046205742737,986682,1489869724
1069364640070170290,986682,1489869757
7319876981288548228,986682,1489869755
-5604871506052057367,986682,1489869783
8646544854672831875,986682,1489869726
-8280121830343397304,986682,1489869771
100042096821822077,986682,1489869747
3025397311174228895,986682,1489869773
-4621253570791659884,986682,1489869772
6960051494423298810,986682,1489869770
-5105962128075604922,986682,1489869768
-31140922576323251,986682,1489869769
5322337662518251666,986682,1489869740
-7222107285986132156,986682,1489869779
3868192806847504141,986682,1489869771
2617137745832745809,986682,1489869761
8864009081694586316,986682,1489869733
-4288290085874341215,986682,1489869743
-4816442546472544782,986682,1489869747
-3887933536705035519,986682,1489869777
-841505184144902959,986682,1489869749
3346205248764902129,986682,1489869763
5377002332007751381,986682,1489869752
-5545826473259968973,986682,1489869743
2284105427654118993,986682,1489869750
7921617979009955305,986682,1489869772
-9044265821408924457,986682,1489869757
2966473957277300424,986682,1489869767
-744058432450236046,986682,1489869769
8601293253961977969,986682,1489869775
6762029892089082651,986682,1489869773
8656324939109958042,986682,1489869740
-6371961012742312137,986682,1489869737
8124412817220425116,986682,1489869783
-8749074774744009203,986682,1489869780
5357553504630176343,986682,1489869781
-904630692213561719,986682,1489869782
2038840715504986347,986682,1489869755
-1024750710937874029,986682,1489869782
-8606535764199111294,986682,1489869777
-1004538091149302932,986682,1489869752
7186046217994174640,986682,1489869732
-4821726565527830861,986682,1489869745
-8283667456780433054,986682,1489869768
-1827572101315386922,986682,1489869745
2167270096981658315,986682,1489869763
3800313976105466327,986682,1489869771
-8015428739290148168,986682,1489869777
1240436895117539785,986682,1489869736
2045861567971531458,986682,1489869776
-8085174708863406555,986682,1489869760
818718290283573164,986682,1489869748
4176035567871756786,986682,1489869743
-1782321582801534146,986682,1489869761
-4106887283430139536,986682,1489869734
4890281394101800360,986682,1489869777
-8350034674683056851,986682,1489869761
2791106656956411211,986682,1489869734
7314952910765079956,986682,1489869747
-6523713606238937409,986682,1489869781
4779664361893988249,986682,1489869731
8038814857445761020,986682,1489869745
4223440791442967702,986682,1489869733
6639360230537505467,986682,1489869763
-1166146978847385803,986682,1489869739
-1882434523708911620,986682,1489869782
-7054450325726258673,986682,1489869738
-2769810119582874272,986682,1489869731
-915102984394794622,986682,1489869746
6200433043794959792,986682,1489869767
5013541198115201426,986682,1489869757
8341998113044289970,986682,1489869750
2363083833987009370,986682,1489869776
-6009265122598629026,986682,1489869758
-3549437055970755144,986682,1489869742
8101084985336669419,986682,1489869728
2227351909128246069,986682,1489869756
3090964524258032268,986682,1489869765
-1170278938304775018,986682,1489869749
1549090932854878710,986682,1489869759
7874035995968364047,986682,1489869776
-917353757056288437,986682,1489869726
-1936661640314088895,986682,1489869736
-6505922744028315214,986682,1489869746
-7475327781063901710,986682,1489869729
4015969068054485357,986682,1489869751
3566326063163350717,986682,1489869782
-2556058916605949208,986682,1489869762
6486354346710176589,986682,1489869726
4191488878858286555,986682,1489869753
-241362529732588446,986682,1489869752
1782434759953890363,986682,1489869777
2469558667620393706,986682,1489869742
-1921800895527526882,986682,1489869767
-8148307239255073281,986682,1489869753
-7845446184498786555,986682,1489869733
-7797466339770794788,986682,1489869757
4378891218155654083,986682,1489869742
-3142953005508461456,986682,1489869741
3388392271565966788,986682,1489869725
5446310612517151292,986682,1489869733
-96814187173483304,986682,1489869743
-3901731892520484349,986682,1489869744
8490210853442572355,986682,1489869782
9201312164445166447,986682,1489869779
5523666286942834776,986682,1489869731
899614649012521895,986682,1489869763
-4832962524789286681,986682,1489869760
4484886329064926110,986682,1489869732
-4092795062075319711,986682,1489869734
-1025328664006963788,986682,1489869726
8096758455294952591,986682,1489869745
-8722939761445159144,986682,1489869767
-8453882167047750342,986682,1489869753
4502807686561619241,986682,1489869777
4832017053112715420,986682,1489869748
653943354962300081,986682,1489869761
-8207571046509968167,986682,1489869777
-7022371147254267933,986682,1489869763
3460606299916040779,986682,1489869729
-2525807004280550861,986682,1489869757
164189117556718453,986682,1489869749
-4710986989499073969,986682,1489869747
4512796429803064836,986682,1489869783
-3024404657335715002,986682,1489869779
-8408266144044435343,986682,1489869769
-5025349430437055418,986682,1489869744
-2038467529487973020,986682,1489869756
7530634978824839170,986682,1489869729
-1994789645951707354,986682,1489869777
1153395812506989883,986682,1489869768
5521521922293433757,986682,1489869737
-2293942529630336853,986682,1489869745
4246876876502395264,986682,1489869762
-5984181526522018329,986682,1489869733
-3611198159397117368,986682,1489869784
-4974681325777924116,986682,1489869738
-7222419873753850575,986682,1489869725
3673505053197234103,986682,1489869779
3158497480267298631,986682,1489869729
-878921782508764609,986682,1489869726
7122318356052869328,986682,1489869742
7728069185885262607,986682,1489869768
4026567105133054444,986682,1489869760
1610418081773729112,986682,1489869740
5237670051808837602,986682,1489869741
-6267382121827918718,986682,1489869734
1820915206984849168,986682,1489869757
8155329703270814251,986682,1489869725
5281854112283041716,986682,1489869742
5417629026108743973,986682,1489869760
1308941003144787008,986682,1489869780
-2915044278798640956,986682,1489869752
5296962420639277120,986682,1489869782
-8934665527193533223,986682,1489869730
7387125860186811883,986682,1489869728
-7123663768422806774,986682,1489869726
334658108086065831,986682,1489869749
-5980939222164290641,986682,1489869753
5985218908113373508,986682,1489869757
3361422453253256793,986682,1489869758
3390768998848799123,986682,1489869735
-5576437326303691394,986682,1489869728
-6924648245648621649,986682,1489869738
-7349731837434722282,986682,1489869773
-5531299331941356122,986682,1489869730
6237544664518139798,986682,1489869755
-1157716304301157638,986682,1489869734
-902704299470009467,986682,1489869757
-5618478831619384017,986682,1489869756
-1147539785803492550,986682,1489869784
8028157716412001246,986682,1489869766
-2622486863730077960,986682,1489869768
-6275765690609840409,986682,1489869726
-8267632746550403601,986682,1489869725
867230845207872347,986682,1489869733
-2668604225628914896,986682,1489869730
-723022139105502288,986682,1489869756
7530412233334142882,986682,1489869760
-6895674150014229116,986682,1489869752
5550837319159466387,986682,1489869738
-8692564751026905331,986682,1489869738
5364985893839491410,986682,1489869769
-4790643753139797680,986682,1489869729
-8807704314289280282,986682,1489869766
-2727787828667189572,986682,1489869734
-1033611132727544279,986682,1489869728
7456662135868978057,986682,1489869745
-5391269743323959640,986682,1489869740
-5607893424770042089,986682,1489869748
1761702963970969968,986682,1489869746
-8761548770700182614,986682,1489869772
3277080404905093272,986682,1489869754
1745622714726443336,986682,1489869752
2363974580726102919,986682,1489869753
-7861339679150174753,986682,1489869771
4762352102844571037,986682,1489869725
3883377857097311750,986682,1489869779
-3616950097840640176,986682,1489869759
-6581793883467154204,986682,1489869758
-5481517823799623285,987078,1489869733
-4156053051370838932,987078,1489869752
-8225410137909992744,987078,1489869726
8723308653777265615,987078,1489869769
4855787017889656581,987078,1489869737
3168319176174875207,987078,1489869746
-3223999429104725074,987078,1489869743
2989279121744574236,987078,1489869737
6792745122739141402,987078,1489869770
-6244731852945349722,987078,1489869774
2377629576269334110,987066,1489869725
5601048433554144968,987066,1489869731
1786980537912552215,987066,1489869759
1980796444026194269,987066,1489869762
-411681073585675541,987066,1489869746
6465210973662614629,987066,1489869740
6327623204202405460,987066,1489869762
-2482811744338276497,987066,1489869752
1262586351581385126,987066,1489869738
-5404293016640123045,987066,1489869782
-8015735903901569362,987066,1489869736
2263889584272690758,987066,1489869749
4169029498055935616,987066,1489869759
-8549419217559983506,987066,1489869772
8784907337550371322,987066,1489869765
2845508391479435025,987066,1489869727
8192317598370572619,987066,1489869728
-6698813285684749036,987066,1489869773
-6286609585655735790,987066,1489869725
-1182819509330822366,987066,1489869761
5341869206745358651,987066,1489869752
1231508598448822087,987066,1489869762
-3661833931250986916,987066,1489869755
-7051104522770725633,987066,1489869783
-8601899487684366589,987066,1489869739
3730535563918688974,987066,1489869737
-2154223473177582217,987066,1489869733
566235195244023363,987066,1489869747
7261312646458318227,987066,1489869784
-1843972145415284771,987066,1489869768
6662570233035874507,987066,1489869756
7444449125558227650,987066,1489869752
2699870219424481746,987066,1489869772
8367895624333336867,987066,1489869758
6980239497047837761,177620,1489869730
-450104586498106954,986987,1489869734
-6566009073154785678,986930,1489869746
8877179149007227128,987031,1489869755
1753498007180785861,987031,1489869728
1939252012879632367,987031,1489869746
3387978094022741337,987031,1489869739
62682799693253028,987031,1489869742
6613822258812946039,982682,1489869759
4522691958659776168,986191,1489869742
-4907054708698766600,986978,1489869725
-6322517655151883984,986978,1489869745
-7430560439141246371,986978,1489869758
-5563624998893436536,986978,1489869741
-2811492433278239649,986978,1489869772
-8381113339374666539,986978,1489869732
7028031451001613327,986978,1489869743
469427703520981360,986978,1489869737
262562435838932969,986978,1489869761
8861131590408603723,986978,1489869772
1864496766659845537,986978,1489869762
7798158923054608083,986978,1489869765
-772397267284735571,986978,1489869730
6872430492117187749,986978,1489869779
-7259021083232194290,986978,1489869767
-2286990521168298184,986978,1489869754
3168613414216168540,986978,1489869735
-2734531244860021149,986978,1489846864
-3697543551450282471,986978,1489869769
-5762869131908004386,986978,1489869776
-4140268875567866342,986978,1489869751
6582186401454538538,986978,1489869736
424377830006906190,986978,1489869761
4458293916231484417,986978,1489869756
-699991456911800596,986978,1489869758
8886091005040506438,986978,1489869777
-501073797498579112,986978,1489869770
-2479190928397335357,986978,1489869747
8474885115887502752,986978,1489869773
-2563339086833842018,986978,1489869731
-9036982186116848094,986978,1489869742
-2068674358778820586,986978,1489869755
-3177564047161119154,986978,1489869729
-6936978674786409886,986978,1489869730
-867126884755999869,986978,1489869760
-3599442956105862456,986978,1489869778
-9171321835028568796,986978,1489869738
8075602693113747663,986978,1489869766
3515296321356998289,986978,1489869738
3582264639893451404,986978,1489869778
7366597194758009121,986978,1489869759
-7354795755785035346,986978,1489869759
4326685029960831290,986978,1489869770
-1460262157185681352,986978,1489869760
-2955071901378514678,986978,1489869784
-685883440798048504,986978,1489869778
-388923646326286563,986978,1489869732
6117523757132490721,986978,1489869747
-3997403897888245252,986978,1489869758
2783018718525975128,986978,1489869770
-7905929737161244409,986978,1489869776
-1071139496282781511,986978,1489869784
2130897824072964996,986978,1489869755
3138721572431763906,986978,1489869771
3667552000456139964,986978,1489869758
5908823163622392400,986978,1489869777
6766918300154613203,986978,1489869751
-202826915676958964,986978,1489869745
-2719836575608468638,986978,1489869741
-6545352995238292558,986978,1489869735
6307367846753990498,986978,1489869776
4031373921886848314,986978,1489869731
-4013111050205581088,986978,1489869740
-6702284003293190529,986978,1489869744
1105714780807068406,986978,1489869765
-3045764183580398355,986978,1489869761
2168756241902751955,986978,1489869766
-534877141903571656,986978,1489869761
541687308418270126,986978,1489869744
-8221832243907655916,986978,1489869744
8759171733892946426,986978,1489869749
-6746295750778792368,986978,1489869734
7811255210424747700,986978,1489869782
-6261096298616051538,986978,1489869748
-5900468172274452052,986978,1489869762
-3600246220458687072,986978,1489869752
5151817890039238253,986978,1489869757
-5294895909639357021,986978,1489869738
5172010536886852814,981216,1489869729
-8988942027571586061,978998,1489869770
5842437667726498462,978998,1489869738
-7307941608758463616,986997,1489869755
-1949993626381213954,986997,1489869742
-8163345409453812171,986997,1489869749
2043764711436781951,986997,1489869739
-6480303543128043068,986997,1489869760
-8201761103406376225,986997,1489869780
-5611422032410814278,986997,1489869775
-220253452628551623,986997,1489869768
-2596745292723257864,986997,1489869744
-3831569852584960709,986997,1489869738
-4907418257348854909,986997,1489869733
-3871265889996710280,986997,1489869743
-9057804571055649726,986997,1489869752
-8410376356279391023,986997,1489869779
-8127066231985394024,986997,1489869769
-5052591993471808661,986997,1489869781
-1571918666548680778,986997,1489869740
4642311360376518271,986997,1489869777
-4790643753139797680,986997,1489869736
-8201761103406376225,980872,1489869744
672341958694821099,970098,1489869769
7914734272681088894,985732,1489869757
5307588135571119152,985732,1489869782
7963100287539348183,985732,1489869772
1545720452136309217,986969,1489869755
1958861578312261989,987077,1489869738
103809731780965297,986151,1489869768
262562435838932969,949713,1489869759
307164539737998624,954140,1489869744
-3820510454741807589,346399,1489869775
6975701818232493429,972366,1489869779
-1545231347713167874,341251,1489869773
1328914061444046251,981555,1489869778
-6389350321163838616,987002,1489869779
-7434416802559522191,987002,1489869765
2519282922086040922,987000,1489869763
-6389350321163838616,987000,1489869782
-802817392599160054,986817,1489869748
-6547635898996915023,986901,1489869781
-7115353951183128257,967521,1489869762
-1322982136463220047,967521,1489869755
-315931642474156563,984909,1489869747
-7953786533906571767,936295,1489869744
-3174152905570790072,984447,1489869769
-4667420801800067457,986418,1489869748
83424421656232846,987070,1489869780
2536504242047329940,987070,1489869750
-3103007576677727227,987070,1489869754
513687773765114014,987070,1489869757
-6770606318284590371,987070,1489869728
-6592140734797016055,987070,1489869727
-7128266944247509444,987070,1489869773
6058619555571461821,987070,1489869781
443249166881991238,987070,1489869773
6465210973662614629,987070,1489869767
4543581209906476460,987070,1489869730
-2844731962735339244,987070,1489869756
-2135628709458174779,987070,1489869731
9157319591707487250,987070,1489869758
-1376581359708228185,987070,1489869766
-8989885183734775738,987070,1489869782
-5653918537056572228,987070,1489869762
4399918265346307561,987070,1489869738
1533767052888604126,987070,1489869727
3056553206750887087,987070,1489869763
-8407595139442410493,987070,1489869763
-7360148259741938275,983923,1489869780
-2063872978972732376,986540,1489869725
-2677797651887104915,987088,1489869745
130175799502260361,987088,1489869753
4826262170991998219,987088,1489869735
176070051887463028,987088,1489869770
-8259091909475383418,987088,1489869735
-3425836424401129745,987088,1489869774
-1638716488784019455,986898,1489869742
912547010424897861,986898,1489869745
8297032137752175238,598,1489869758
8162412732608707940,598,1489869744
6047594043422350878,598,1489869748
8562740709428548878,986628,1489869779
7070064379575129056,986628,1489869746
4309192777547787786,986628,1489869751
-7558490114446287689,986628,1489869728
4395791948350387621,987087,1489869751
3969684165067841796,987087,1489869733
-2677797651887104915,987087,1489869770
2420230861111179196,987087,1489869730
-5857325763473770763,987087,1489869773
4353783218064627462,987087,1489869756
-5731423183757954877,987087,1489869782
-5843135696210752000,62705,1489869738
-7360148259741938275,983926,1489869780
1394614355342226194,128674,1489869771
-6194840563788988101,984696,1489869739
3711798986276357297,972617,1489869755
-8684698872640984265,160781,1489869752
2919927883428860451,160781,1489869763
8731750941614330469,986703,1489869727
6220351879515189042,986851,1489869760
8454031444699039969,342102,1489869757
-1021634043799860958,976164,1489869768
1547080675745609815,986674,1489869750
-2138316166431163527,986674,1489869738
452159846670727184,986674,1489869750
8333096610446541571,986674,1489869781
-1943764632757940685,986674,1489869783
6369479559050156585,986674,1489869725
-3893216127366018103,987054,1489869735
-2682108373494850940,987054,1489869783
-1477569298753107613,987054,1489869783
1228620914372364079,983971,1489869776
5196585259924856317,983971,1489869768
-1809882708045071464,986933,1489869778
4200085445528522193,986933,1489869779
4825843567582669812,987034,1489869738
-3343327129528822854,987034,1489869748
2320800085523792584,987034,1489869725
3387978094022741337,987034,1489869739
-780249747954408412,987034,1489869753
62682799693253028,987034,1489869742
-4253154779670498855,987034,1489869780
-3065250827763852714,987034,1489869781
3873951355717000416,987034,1489869780
1693329130607929211,987034,1489869725
4628942215866246183,987034,1489869730
-552754991466133496,987034,1489869763
264288696068733869,987034,1489869772
-1113066604576603724,987034,1489869773
5179983992481424085,987034,1489869757
-6470389132627115773,986981,1489869767
-424981763091191905,986981,1489869764
3590396435786952660,986981,1489869728
-1969096789602636790,986981,1489869727
-3155105577636449420,986981,1489869778
-78571808715183028,986981,1489869739
2165696627110970136,986981,1489869782
4201428417173257697,987076,1489869770
-4156053051370838932,987076,1489869775
2989279121744574236,987076,1489869761
-5010760179633776302,987076,1489869741
-3223999429104725074,987076,1489869761
-8225410137909992744,987076,1489869739
-7758365388794992980,987076,1489869737
4855787017889656581,987076,1489869745
-5481517823799623285,987076,1489869742
6792745122739141402,987076,1489869779
8723308653777265615,987076,1489869769
3168319176174875207,987076,1489869765
-6757217416711025760,987076,1489869768
6312531679112725298,987076,1489869780
-6462090212941299189,987076,1489869730
-8710446044056923740,987076,1489869768
-2099464096777131509,986229,1489869754
8996888680468618050,986229,1489869744
4821276723110763145,986229,1489869768
1885235442667590712,986229,1489869730
8249360600359108309,986229,1489869782
3900738920414916696,986229,1489869778
1775820208263166575,986229,1489869778
713873226021181143,986229,1489869755
7532823013644671989,986229,1489869782
4542546315260551029,986229,1489869773
-5955373414699395846,986229,1489869731
-7041393538635373500,986229,1489869782
-7436701304568861280,928952,1489869742
-2324841066467984980,986926,1489869748
-6566009073154785678,986926,1489869751
3431646465638728805,986926,1489869729
-5071953236601974290,986926,1489869727
-3848627893692221646,986926,1489869780
-1809882708045071464,986926,1489869785
1757299463719793152,986926,1489869745
2861934200657012824,986926,1489869749
-4328590134588173355,986926,1489869738
2271869653217816359,986926,1489869746
-1462793555567420757,986671,1489869767
9096010768240568439,986805,1489869747
-8489830832103710821,986805,1489869771
-974426997093773291,986805,1489869772
-2972581716520800584,986805,1489869784
4069627074791408254,986805,1489869736
3952271457792178507,986805,1489869782
-262735968205695955,986805,1489869728
2790303900274620985,986805,1489869757
2931370519503587834,986805,1489869752
1350776519518676722,986805,1489869725
-4986013905750830126,984349,1489869751
-1374608962991806876,400504,1489869739
5594309079703970293,412546,1489869768
-7459841601178584403,987047,1489869725
-2997107203880898390,987047,1489869780
2051674903454494678,987047,1489869750
5132925553505532193,987047,1489869764
195487726507803453,987047,1489869767
-1505441085113576704,987047,1489869756
8732620099307565548,987047,1489869727
4221867669034791032,987047,1489869749
8254736904683789500,987047,1489869764
-8803336940838266407,987047,1489869768
-2737407022710398755,987047,1489869778
2804228577327979445,987047,1489869754
-5295644554150555785,987047,1489869784
-3685720669509322906,986915,1489869759
-1764632570322856613,986915,1489869760
-8890545897491499737,986915,1489869753
-2324841066467984980,986915,1489869748
-4440903383136176904,987020,1489869747
-6340812436085044745,987020,1489869776
6663611108349999519,987020,1489869744
-1740621611940705915,987020,1489869780
7769399294746970348,987020,1489869784
5935849755351526466,897907,1489869768
-5129374420515293891,986695,1489869752
-8201761103406376225,981770,1489869738
-5559792124044330476,986155,1489869738
-1986527720898825733,986155,1489869772
-8201761103406376225,903706,1489869755
-8201761103406376225,949636,1489869750
5756985060683199406,192591,1489869727
2989114361319839883,986956,1489869751
1545720452136309217,986956,1489869782
-6372986752527665066,986956,1489869782
7224398609424050810,986956,1489869745
2928411760551588069,986942,1489869771
8700798860023139651,986652,1489869727
1621036791220906487,986652,1489869748
2220118011920617254,986652,1489869729
2022308991614684649,340129,1489869764
-8201761103406376225,963789,1489869748
-7211913072772435556,195165,1489869753
-4452786820578847664,970688,1489869748
-5891121481206581879,932486,1489869754
2219619757293517539,986940,1489869772
8249360600359108309,986464,1489869782
-2043602417684430686,986732,1489869771
-8201761103406376225,982560,1489869735
-2865743031140671336,986945,1489869770
6299549810255728009,986945,1489869763
-5920889756578786658,986945,1489869744
-5172213521259456026,986298,1489869776
4628942215866246183,986632,1489869764
-4794961905842834682,985440,1489869735
-5044207076600091066,985440,1489869740
6192902832815976532,986777,1489869763
-2997107203880898390,987021,1489869778
1652152193604489713,987021,1489869730
7769399294746970348,987021,1489869770
-1740621611940705915,987021,1489869759
-374772946077510578,987021,1489869740
6663611108349999519,987021,1489869736
2870413570481528221,987021,1489869783
-802817392599160054,987021,1489869735
2047952878453440159,987021,1489869739
1130727556044470924,987021,1489869771
-5798225323891539732,987021,1489869732
-7080558716779038874,987021,1489869781
-1686419221101458684,987021,1489869781
-722008828027178862,987021,1489869753
3516977523203261832,958796,1489869724
2206449569231132551,987029,1489869759
-7569330034330075762,987029,1489869773
1258979728643992351,987029,1489869731
4732460655385607644,987029,1489869764
1753498007180785861,987029,1489869752
-4236602670824318477,987029,1489869733
-8201761103406376225,981311,1489869740
-8201761103406376225,980932,1489869743
-5413106147009364212,196691,1489869777
5573609532831437375,344959,1489869738
7662740982746447506,986638,1489869728
-1591796689469301723,987013,1489869765
-5863105891712118041,987013,1489869775
6663611108349999519,987013,1489869782
-984935458836137565,987013,1489869728
5811022419994295195,987013,1489869759
-7313873577154456625,987013,1489869745
8369223142448003244,987013,1489869757
6545307919869164262,986256,1489869740
-8201761103406376225,905946,1489869755
7662740982746447506,986631,1489869779
6455160815509589485,986574,1489869784
-2980226646242435139,986574,1489869757
-3598734759542589047,986613,1489869752
-4698595895940945907,987097,1489869781
1665202617698914331,987097,1489869774
1279463724365715338,987097,1489869729
-5191160808252147254,987097,1489869734
6933306478033004913,987097,1489869780
-4115011704582522609,987097,1489869775
-6289596228684976540,987097,1489869781
3859861919801974652,987097,1489869762
-9149532905255610343,987097,1489869756
-4070568804304927165,987097,1489869739
-1441707158280657072,987097,1489869742
7767020892804996123,987097,1489869770
-2811002984525442871,987097,1489869752
2856245704858564555,987097,1489869783
2108390762488119775,987097,1489869773
-7141425355869186791,987097,1489869730
-1282150115150755150,859214,1489869726
2597874962995639672,962214,1489869781
-6790552342156274805,962214,1489869775
-9117393736267437978,962214,1489869784
-2209336463009964193,982454,1489869728
7926581970931200490,972031,1489869775
-8684698872640984265,160772,1489869769
-3927138088222237612,986211,1489869748
-3820510454741807589,346397,1489869775
-3588575698553327982,983556,1489869743
-579095446852825446,983556,1489869749
2452127554403424769,986241,1489869728
-7940111425064526211,983592,1489869781
5841609351822243887,983592,1489869770
4977169435986514611,983592,1489869743
-9179547659378566020,986914,1489869733
3029396235233112243,986914,1489869754
5341869206745358651,985087,1489869777
-2091702993711538766,985087,1489869729
-4280508908908015403,985087,1489869784
-1843972145415284771,985087,1489869785
2350921542763204496,986430,1489869774
3864260222944544027,986430,1489869741
4742056580690866094,987014,1489869758
-9076835097782839919,987014,1489869738
2212428828695487551,987014,1489869753
798306844738836871,987014,1489869758
-5839566291461848151,987014,1489869776
8996928485945273451,987014,1489869772
4011342222735789140,987014,1489869761
-3914540295430046393,987014,1489869772
8731750941614330469,986905,1489869738
-687801585605851090,986126,1489869731
152417870572793382,986126,1489869748
-7731137274350132920,970418,1489869735
-5563546273359684822,980650,1489869783
4991758411011482271,111182,1489869752
523795682974218681,986928,1489869732
-1809882708045071464,986928,1489869785
5959077273955715411,986928,1489869747
7921181535569264560,986814,1489869752
-6340812436085044745,987019,1489869772
-4440903383136176904,987019,1489869729
-1740621611940705915,987019,1489869780
7769399294746970348,987019,1489869783
6663611108349999519,987019,1489869742
2047952878453440159,987019,1489869739
6220351879515189042,986850,1489869751
-3870661985258361742,977554,1489869739
3771777974949335279,985619,1489869751
4976963710917335632,985619,1489869729
6357290705860435616,971556,1489869749
2989114361319839883,986497,1489869772
2702902725904743876,986812,1489869742
-3893216127366018103,987044,1489869778
2049494596259508322,987044,1489869743
-2287233142316253985,973166,1489869756
-8201761103406376225,981967,1489869736
-6635018290358636341,986377,1489869742
5869225559361395907,986938,1489869739
2212428828695487551,987012,1489869760
4742056580690866094,987012,1489869758
5935849755351526466,986053,1489869756
7722513594255826039,987001,1489869734
4018885313764251034,987001,1489869771
178551501157092812,987001,1489869767
-932837925552404829,987001,1489869757
-2147847276488599690,987001,1489869766
3681952134642454929,987001,1489869784
-3447296707184424894,987001,1489869755
2837048603070560464,987004,1489869735
-6389350321163838616,987004,1489869734
7816974995027825020,987004,1489869771
2989114361319839883,986834,1489869760
-8677939303246116965,986049,1489869752
3191423625136295012,986895,1489869767
-2826318947714886743,986524,1489869771
-707896417127469849,979708,1489869758
1874093106561126984,983449,1489869736
-3588575698553327982,983449,1489869744
-1763723021771412784,987101,1489869735
-7824714031143495640,987101,1489869743
3180222853814901361,987101,1489869736
-7788414663757597585,987101,1489869739
7370639931175868365,987101,1489869758
6793312664388848321,987101,1489869752
3367451059955714846,987101,1489869766
-4842740355275006997,987101,1489869782
-5751409743643493696,987101,1489869750
6426049619673753132,987101,1489869775
-7310341759677754994,987101,1489869757
2864447303896118123,987101,1489869771
-1580057207556130754,987101,1489869764
6933306478033004913,987101,1489869749
6873472072979752255,987101,1489869752
-6653418285473876114,987101,1489869739
-5460628813725898522,987101,1489869743
2671495109685558858,987101,1489869726
5986193860016546014,987101,1489869746
7767020892804996123,987101,1489869758
5267053489552227594,987101,1489869761
6942395951244781860,987101,1489869781
-9186478561765129460,987101,1489869770
1324903367803420277,987101,1489869756
289508280381186020,987101,1489869773
-1742125495475204646,987101,1489869736
7296186716734338731,987101,1489869768
3349389558765962217,987101,1489869766
-9057007608537134636,987101,1489869740
-2546226117217175624,987101,1489869757
-9124499904678066483,987101,1489869747
-3674971815635891514,987101,1489869754
-3684743970165635541,987101,1489869778
5515695164467490738,987101,1489869739
-2802334952285291196,987101,1489869771
1628882844343141742,987101,1489869770
-4501673532742257914,987101,1489869732
1392816074067718017,987101,1489869771
7378302471866555782,987101,1489869749
-37210625528931884,987101,1489869753
-5283292459913351496,987101,1489869773
1787554661553706851,987101,1489869735
-5899160236826871257,987101,1489869749
-1223846287171930851,987101,1489869754
7053910292087820173,987101,1489869781
-4394006883696074270,987101,1489869764
-7707524652020940829,987101,1489869751
-2430515834129530200,987101,1489869781
2783070369115251043,987101,1489869746
-2747483406721863053,987101,1489869738
8444434035235763059,987101,1489869751
4315535940675393749,987101,1489869754
-3148521262376708633,987101,1489869779
-1323644220617703536,987101,1489869770
-968269193856733998,987101,1489869733
-6850633057008503860,987101,1489869782
6960051494423298810,987101,1489869781
7169046331459793473,987101,1489869727
4590582223352620358,987101,1489869775
746858866790628441,987101,1489869747
-1947159174557188509,987101,1489869758
-7824692620963392036,987101,1489869785
-3616769064867604413,987101,1489869736
1260217161421494595,987101,1489869782
-6166612894872040217,987101,1489869782
-2147034906939971104,987101,1489869766
7530853146580802671,987101,1489869756
2726047965410172555,987101,1489869775
-3258339119523451735,987101,1489869761
-7884873682928371536,987101,1489869743
-6532169640562762124,987101,1489869771
5838725313442918950,987101,1489869734
7459043277015126219,987101,1489869748
1279463724365715338,987101,1489869746
-8308731489187554473,987101,1489869750
5634305310226880781,987101,1489869779
4281683306665835444,987101,1489869782
3511183582128857324,987101,1489869760
240774417396287013,987101,1489869749
4841587371533797696,987101,1489869773
3466427051233600874,987101,1489869735
-3641218111553642616,987101,1489869749
-874832106950968748,987101,1489869782
2501547732814034376,987101,1489869739
-2242460518996239710,987101,1489869775
5508633279410178693,987101,1489869754
-8972782526916539154,987101,1489869764
2620785788253452125,987101,1489869750
-8215905781075067694,987101,1489869727
2192424145497998440,987101,1489869749
7914734272681088894,985626,1489869781
6220351879515189042,986842,1489869777
-5141960423291288089,986304,1489869748
8557447611976911770,986304,1489869770
7522452644393042849,986304,1489869779
-2099949407271682386,987032,1489869778
-552754991466133496,987032,1489869763
-5557064394622959456,987032,1489869739
264288696068733869,987032,1489869772
5721079947311222446,987032,1489869742
-1913052666822076962,987032,1489869759
3873951355717000416,987032,1489869776
1693329130607929211,987032,1489869784
-2563150163498484980,987032,1489869781
8241582037519369882,987032,1489869727
-8403976064222167232,987032,1489869746
5722051195611498479,987032,1489869759
5476494499966306071,987032,1489869777
2274565402453464259,987032,1489869780
7337083260850063327,987032,1489869761
-4458264009930746832,987032,1489869783
2831124907944940582,987032,1489869769
-2778936094448838086,987032,1489869775
4820294103208106067,987032,1489869771
8183539820126893748,987032,1489869768
5699004312778819989,987032,1489869747
7662740982746447506,986599,1489869773
6321369910829386414,986984,1489869732
7113347265527396056,986984,1489869750
-3820510454741807589,346398,1489869752
-787640103005899133,199530,1489869753
-2080539363063688050,913736,1489869746
-5403841074530926934,345257,1489869773
-1686419221101458684,987033,1489869741
2093445033232567288,987033,1489869745
-2778936094448838086,987033,1489869775
1130727556044470924,987033,1489869768
-4458264009930746832,987033,1489869783
5722051195611498479,987033,1489869749
2870413570481528221,987033,1489869732
1972626685881863585,987033,1489869775
8383893535803686775,987033,1489869731
-3351257847900336562,987033,1489869772
-7515438979731700032,987033,1489869755
-2918619360154332159,987033,1489869771
5518668038362255321,987033,1489869760
6503973700383345294,987033,1489869774
-2613036730075056843,987033,1489869741
-5782950300804429696,987033,1489869735
-2473432247141350504,987033,1489869755
-2879193388556599309,987026,1489869732
-802817392599160054,987026,1489869733
7297685483065492428,987026,1489869765
-1241020797504258694,987026,1489869776
2870413570481528221,987026,1489869780
3436796281975776603,987026,1489869733
-1686419221101458684,987026,1489869781
8895883620144489931,987026,1489869735
1130727556044470924,987026,1489869771
2093445033232567288,987026,1489869748
1258979728643992351,987026,1489869764
9163693064631853198,987026,1489869744
-4199301048866106539,987026,1489869774
3216842270217281500,987026,1489869747
6385392602554542993,987026,1489869753
-3234596742311955422,343574,1489869739
-3592196025091119268,986334,1489869782
-8941629732298174948,986434,1489869778
2717277509805407236,987083,1489869733
-716565670038625526,987083,1489869755
-3119962401305294944,987083,1489869780
7428661730667603919,987083,1489869730
4395791948350387621,987083,1489869755
3969684165067841796,987083,1489869736
4826262170991998219,987083,1489869750
-2677797651887104915,987083,1489869770
-8873794541731220120,987083,1489869770
1575406423568990696,986999,1489869730
-932837925552404829,986999,1489869758
4018885313764251034,986999,1489869771
-1888342923719195896,986999,1489869744
2765939285698709705,986999,1489869777
-8740655702882868544,982680,1489869768
6700340183739271734,986971,1489869778
7168898457984418219,986971,1489869785
2617564094319078825,986971,1489869764
-424981763091191905,986971,1489869774
-3668479747402056903,986971,1489869733
2425275017958070512,986971,1489869746
-1587969702518577101,986971,1489869758
-2300568251478200714,986971,1489869784
-1421774997051051350,986971,1489869783
-848459712076819936,986971,1489869736
8259151234553467256,986971,1489869783
-7260053600938756894,906043,1489869761
-2099261721114226343,987098,1489869751
6568590073728245069,931645,1489869733
1599969888565305053,976094,1489869726
-1214379012420034367,987082,1489869733
-1241020797504258694,987082,1489869779
5499631980715870078,987082,1489869773
941916838388773460,987082,1489869744
9083895503301243417,987082,1489869729
-7787764734122937122,987082,1489869776
-6698813285684749036,987082,1489869780
3812841093581905455,987082,1489869770
-2840293083652751266,987082,1489869768
8655989213677857671,987082,1489869734
-1280856275119935593,987082,1489869778
1231508598448822087,987082,1489869753
5316376674200782681,987082,1489869767
2700395833992463440,987082,1489869737
-7163755478099149448,987082,1489869732
2810206819529896346,987082,1489869774
7904341022286600258,987082,1489869746
-3759597477903483032,987082,1489869728
3373925605332360464,987082,1489869751
6662570233035874507,987082,1489869740
-944937317394803967,987082,1489869729
7177533780183275360,987082,1489869744
8986849141321745091,987082,1489869730
-3790467800231138778,987082,1489869743
6085819489503661031,984728,1489869777
5195511444826534141,924750,1489869745
-3280060428432071312,987062,1489869772
8444145955846391450,987062,1489869737
-3129396492747524886,987062,1489869742
-2415100263001428998,987062,1489869728
-96814187173483304,987062,1489869729
-8823533693550332973,987062,1489869735
1766497108483786537,987062,1489869753
-4645741627815144190,987062,1489869776
5723167695326701318,987062,1489869733
-1385350414601279858,987062,1489869775
-5191160808252147254,987062,1489869757
6628474680769696044,987062,1489869749
-5482174470561479183,987062,1489869773
-4257298129027552895,987062,1489869727
-5512658467096287284,987062,1489869752
-529079364773767147,987062,1489869730
5752737840419274081,987062,1489869732
4348454784487128339,987062,1489869770
291365370752184690,987062,1489869748
7918004020977967211,987062,1489869777
7380624411164240077,987062,1489869751
-3064068213165587762,987062,1489869755
-6367570664348649996,987062,1489869778
-6286609585655735790,987062,1489869737
7669134947590500080,987062,1489869786
-5011951813786857935,987062,1489869761
2110125490796502306,987062,1489869768
393162930178159738,987062,1489869747
-5521788098018825739,987062,1489869732
-7828759171615044449,987062,1489869776
2804228577327979445,987062,1489869734
-8329428143221637510,987062,1489869744
522863820096284761,987062,1489869771
8224540604745749041,987062,1489869780
-7336742240426058652,987062,1489869764
-780249747954408412,987062,1489869758
-250179881544779983,987062,1489869751
-5872266989435317582,987068,1489869772
-6592140734797016055,987068,1489869772
6822956982534712987,987068,1489869749
6465210973662614629,987068,1489869771
-6127367474940539337,983794,1489869753
3780815784190244508,983794,1489869733
-3280060428432071312,983794,1489869733
6720260922661573694,983794,1489869782
3920549145032815450,900166,1489869744
-8077243801518095000,970844,1489869779
2291590389092087127,345659,1489869735
4424888396852419094,987057,1489869746
7186274742477353778,987057,1489869736
-7468653447531960425,987057,1489869742
6666484197686193438,987057,1489869732
3995207385089942517,987057,1489869745
-5383231901281117826,987057,1489869784
6502124143067415157,987057,1489869745
7028613052940892301,987057,1489869767
7014456315437551618,987057,1489869748
1568990562540000221,987057,1489869756
2032282769645552376,987057,1489869783
3516284137278477674,987057,1489869736
-2415100263001428998,987057,1489869763
8883066768799081754,987057,1489869783
3496118425216216980,987057,1489869735
6786719022274516142,987057,1489869779
-4566906714854154092,987057,1489869771
-374772946077510578,987057,1489869727
-7916641989355638133,987057,1489869748
-4621076359600610299,987057,1489869742
6130994839889367460,987057,1489869773
-2637950147934416604,987057,1489869785
-6404843769375235920,987057,1489869753
-8822087017746552674,987057,1489869727
5736428799258822602,987057,1489869750
-707896417127469849,987057,1489869734
1423866595256545598,987057,1489869738
-3284571169518387798,987057,1489869784
6057819904683176805,987057,1489869783
6662570233035874507,987057,1489869731
895506183437440978,987057,1489869734
-610102897428863057,987057,1489869738
8454962984341132334,987057,1489869759
178295390474167569,987057,1489869753
-804628901626098232,987057,1489869778
6087093413037294945,987057,1489869780
6628474680769696044,987057,1489869778
6298120198991802916,987057,1489869739
6673587099190763050,987057,1489869783
291365370752184690,987057,1489869761
-4565908958948406590,987057,1489869742
1845613852365955102,987057,1489869762
5908823163622392400,987057,1489869759
-3546230192204333621,987057,1489869747
-2387614967790757044,987057,1489869756
-4650251803055648685,987057,1489869772
-3640029255526169476,987057,1489869748
8938072103076634539,987057,1489869738
-8358580256343403929,987057,1489869745
-8857344074961233749,987057,1489869782
-4441931461129406805,987057,1489869746
-945792909307823468,987057,1489869761
-5103426930592050351,987057,1489869765
-8100188991717941956,987057,1489869728
-3255016157263905738,987057,1489869732
2156610440708685919,987057,1489869772
9164863801214684109,987057,1489869726
8287910022895003735,987057,1489869749
2882359915412923924,987057,1489869775
-2097216070981172927,987057,1489869738
5147014805227159269,987057,1489869734
3249558708929313898,987057,1489869777
8924387013642554027,987057,1489869753
-2850120406705768740,987057,1489869760
-7450179873881812098,987057,1489869785
6707910637775214007,987057,1489869780
-400485534061064595,987057,1489869749
-8441716793354335616,987057,1489869734
1865374003889651540,987057,1489869733
7983778699224944878,987057,1489869731
-16683723859498205,987057,1489869746
-8010984980798362577,987057,1489869750
4273993253839920295,987057,1489869785
6403725872972610278,987057,1489869745
-4645741627815144190,987057,1489869776
-4316907067806929073,987057,1489869740
285497901210543040,987057,1489869748
-1901698545549426646,987057,1489869752
-8997965397266943536,987057,1489869739
5116030230476352683,987057,1489869782
4718596558640951186,987057,1489869778
-8375399344164712749,987057,1489869764
3024430295835572339,987057,1489869759
-2469734053611992623,987057,1489869766
9148515338189034418,987057,1489869766
-8102774212315535976,987057,1489869751
-3166539555146172281,987057,1489869760
6412693638790966483,987057,1489869758
-6484810827433582763,987057,1489869777
703480989285343224,987057,1489869785
-8823533693550332973,987057,1489869735
7232483521959917973,987057,1489869770
-1688123420816743040,987057,1489869784
-5678334994018325521,987057,1489869776
-3621423041175332400,987057,1489869760
-9201664973507082079,987057,1489869777
-6547635898996915023,986903,1489869762
-1609486422702492749,880084,1489869769
-2826318947714886743,986132,1489869771
-5944743151397212682,986913,1489869743
3479409120336352971,986913,1489869776
-7778361414611612183,986960,1489869758
-6547635898996915023,986902,1489869770
2620785788253452125,987100,1489869732
3859861919801974652,987100,1489869751
6799027139312840619,987100,1489869744
-7141425355869186791,987100,1489869730
5890524844664226729,987100,1489869764
-4070568804304927165,987100,1489869730
-1441707158280657072,987100,1489869735
268220837031001976,987100,1489869764
-8469278037499732155,987100,1489869784
5780998218601017620,987100,1489869749
-4115011704582522609,987100,1489869756
-7824714031143495640,987100,1489869771
-2811002984525442871,987100,1489869751
-6873300065299049138,987100,1489869781
-7788414663757597585,987100,1489869761
-9149532905255610343,987100,1489869746
2108390762488119775,987100,1489869773
6933306478033004913,987100,1489869761
6643931454500215196,987100,1489869728
3367451059955714846,987100,1489869777
-5117754878906191863,987100,1489869744
7767020892804996123,987100,1489869765
-7295381484706347979,987100,1489869762
-6289596228684976540,987100,1489869767
3180222853814901361,987100,1489869736
-1742125495475204646,987100,1489869740
-1580057207556130754,987100,1489869764
1893059941756091712,987100,1489869785
-8989885183734775738,987100,1489869735
8833826217382605366,987100,1489869738
-3713764202069157062,987100,1489869772
-3849263755006117927,987100,1489869726
894088458904997185,987100,1489869764
-4301766625136915348,987100,1489869741
-5460628813725898522,987100,1489869743
3760254122764544277,987100,1489869763
8293156518218480078,987100,1489869746
289508280381186020,987100,1489869773
-6769849205433858215,987100,1489869761
8254985323533754055,987100,1489869781
6942395951244781860,987100,1489869781
-7958037493493565556,987100,1489869777
-4384581931222263124,987094,1489869774
574524154965726096,987094,1489869732
-3544229309629905082,987094,1489869773
-9149532905255610343,987094,1489869773
-1441707158280657072,987094,1489869755
-4115011704582522609,987094,1489869784
3859861919801974652,987094,1489869765
7767020892804996123,987094,1489869772
-6289596228684976540,987094,1489869781
6933306478033004913,987094,1489869780
-4070568804304927165,987094,1489869739
6648154352300362350,986720,1489869748
8610262594312945227,985808,1489869766
-6566009073154785678,986912,1489869758
3860256124076387761,986993,1489869736
-5623328257328023006,986993,1489869724
-4740242950839089030,987041,1489869756
8859384739218883643,987041,1489869780
-2503273583966136628,987041,1489869781
-1286770305415500693,987041,1489869739
-8334862444081478650,987041,1489869731
-1185560270640015475,987041,1489869746
-7885801619194371187,987041,1489869741
5635944385657957922,987041,1489869746
-3842959459619888388,987041,1489869770
7265852453915758549,987041,1489869766
3425856536227836455,987041,1489869726
6911652775630837520,987041,1489869758
-7082156440923601182,987041,1489869752
-921704310592118958,987041,1489869730
-9209444225237907041,987041,1489869753
683753941448149139,987041,1489869756
-7584588026483923685,940543,1489869770
-3401000720879939255,940543,1489869748
973904632880222154,966680,1489869733
3747797856517861383,152427,1489869734
365109855933119937,985328,1489869763
-5844296684146520821,987058,1489869736
-6367570664348649996,987058,1489869778
6628474680769696044,987058,1489869730
1237511722761483530,987058,1489869740
291365370752184690,987058,1489869743
1980796444026194269,986897,1489869732
-202745507965888634,986897,1489869781
8986849141321745091,987084,1489869730
3373925605332360464,987084,1489869751
-9149532905255610343,987084,1489869782
-1441707158280657072,987084,1489869769
3859861919801974652,987084,1489869769
5037150654022117576,987084,1489869737
-2799535839462320962,987079,1489869780
-3223999429104725074,987079,1489869737
-3688467246074914935,987079,1489869745
6792745122739141402,987079,1489869765
3168319176174875207,987079,1489869731
-6244731852945349722,987079,1489869774
8723308653777265615,987079,1489869750
-4156053051370838932,987079,1489869729
-4964295639365750837,987079,1489869775
2989279121744574236,987079,1489869731
-3822481546940712954,987079,1489869727
-8201761103406376225,981295,1489869741
-1580057207556130754,987106,1489869743
-3674971815635891514,987106,1489869742
-9119546193020561273,987106,1489869729
-8337010862262674644,987106,1489869781
-4597360211348858534,987106,1489869784
1137769486761540163,987106,1489869764
289508280381186020,987106,1489869744
4281683306665835444,987106,1489869781
-1323644220617703536,987106,1489869770
-3464605316303214319,987106,1489869768
8336517359403298765,987106,1489869730
1418463760973000413,987106,1489869736
-5298078449674968480,987106,1489869778
4899383400997196144,987106,1489869784
6738619869342971334,987106,1489869727
3800313976105466327,987106,1489869758
4788792656626109621,987106,1489869748
6296861820487229822,885156,1489869776
7662740982746447506,986635,1489869779
-3960092025718214817,986360,1489869733
5869225559361395907,986934,1489869737
2219619757293517539,986934,1489869772
-65745446158914312,986562,1489869760
-8077243801518095000,970791,1489869779
7452644420177315122,985957,1489869734
6220351879515189042,986845,1489869777
-999101278797081399,986857,1489869740
7028031451001613327,986857,1489869754
-912141629385810260,986857,1489869785
8970761922716334604,986556,1489869779
7050135648528597564,986556,1489869774
-9112930441583388228,986556,1489869785
-2683565469790646154,986556,1489869774
-13908199549158826,986556,1489869774
-2408450394272114544,986556,1489869765
8359353015745105338,986556,1489869780
5165319951039823987,986556,1489869737
-5666204320190849113,986556,1489869768
7793664572423023584,986679,1489869771
7113347265527396056,986982,1489869750
2699870219424481746,986520,1489869749
-2304749007370980434,987063,1489869769
-7853878385709828524,987063,1489869765
-7360148259741938275,983928,1489869750
-8201761103406376225,918543,1489869753
541669488388607942,977179,1489869758
6048293168655709670,977179,1489869773
-5785789356409582827,974441,1489869774
8723308653777265615,987080,1489869737
-6244731852945349722,987080,1489869759
-5142095496655950853,987080,1489869733
6792745122739141402,987080,1489869745
-8989885183734775738,987080,1489869773
-217712422244097666,986991,1489869765
-1411993829779446511,986071,1489869776
-5847001233305579949,985078,1489869756
1192408194784939117,133642,1489869751
5349585432482039779,986976,1489869759
-4606898988366603498,986976,1489869777
7168898457984418219,986976,1489869752
-1421774997051051350,986976,1489869785
-2483377698305478100,986976,1489869749
-848459712076819936,986976,1489869736
-7667522996178206791,986976,1489869763
-8933382047794778569,986976,1489869784
-849888660776820460,986976,1489869754
-4907054708698766600,986976,1489869776
-515727938662981113,986976,1489869776
-3883325099477250185,986976,1489869726
-3129396492747524886,986976,1489869744
-8088862628722211973,986976,1489869727
72808270689400003,986976,1489869750
3860256124076387761,986826,1489869735
-6713967397102696920,986826,1489869764
4523342492123063542,986979,1489869780
7113347265527396056,986979,1489869744
-6566009073154785678,986927,1489869758
-6503251130264623954,986927,1489869778
-5498495838505997709,925010,1489869781
-65745446158914312,986503,1489869760
3112346905459089180,965296,1489869754
1313381083563007590,977549,1489869776
19545897168802144,986715,1489869772
-3893216127366018103,987053,1489869764
1258979728643992351,987030,1489869764
3216842270217281500,987030,1489869747
-8350573064374500198,987030,1489869750
-7569330034330075762,987030,1489869773
-4182047506066026479,987065,1489869782
292541592616755283,987065,1489869749
6822956982534712987,987065,1489869779
4273993253839920295,987065,1489869744
-6592140734797016055,987065,1489869783
-1740621611940705915,987024,1489869728
7769399294746970348,987024,1489869734
6802767244887099271,402274,1489869765
672341958694821099,970604,1489869764
2928411760551588069,986932,1489869771
7208095434400690975,986932,1489869781
-2865743031140671336,986932,1489869773
-4459129615517609517,986644,1489869775
-5843135696210752000,62724,1489869740
4211576997402261843,984705,1489869756
4178199975162390100,958852,1489869768
450827647328644795,985977,1489869783
3711342205953983411,934792,1489869746
-1583775787021677641,894815,1489869781
177633612661279894,986637,1489869757
2266045890217671204,986637,1489869760
-7307079745951589609,986637,1489869743
4693696732835701077,986637,1489869786
5627941445116469088,986637,1489869755
-7805541341719302022,986765,1489869744
3857959551348330261,986765,1489869776
977971660230321716,986765,1489869766
6537314353347240586,986765,1489869786
-4009102596613310658,986765,1489869774
8315667258160231026,986765,1489869778
-6205563373964485511,986765,1489869739
4243877538899813714,986765,1489869739
809029313444030599,986765,1489869737
7883647641405048832,986765,1489869749
2507291513488593892,986765,1489869753
7352830845077981590,986765,1489869759
-5423572983575116540,986765,1489869734
-2447980940925473738,986765,1489869756
-787606109958663032,986765,1489869754
-2845212343432835307,986765,1489869758
-3154786405684984052,986765,1489869784
1198812369048229858,986765,1489869744
-4458904314708673863,986765,1489869738
-7047875351906168042,986765,1489869774
-6085793437948974127,986765,1489869736
-6238260977584693992,986765,1489869778
1409072547351285318,986765,1489869773
-7988935052726073201,986765,1489869736
-4101258170146804581,986765,1489869745
-1132593347393266424,986765,1489869743
2579387336057470588,986765,1489869742
-4309320893973332456,986765,1489869773
2627989594957816843,986765,1489869753
6206297346818690153,986873,1489869734
-7287899730169798094,986225,1489869745
-2662971929898431781,986225,1489869732
3710003788419081068,986225,1489869727
-3603782970724770928,986225,1489869768
-7644024479162599605,986225,1489869739
-7445484521807870035,986225,1489869771
-3365031119757278220,986225,1489869749
7195484800048278492,986225,1489869733
3024593958970664635,986225,1489869765
2813357807044641521,986225,1489869740
-2276858376631268364,986225,1489869762
-1021634043799860958,976393,1489869742
-5296861754710019760,982199,1489869765
-1809882708045071464,986950,1489869772
7211754887170818983,986950,1489869778
672341958694821099,975328,1489869738
-6713967397102696920,986835,1489869764
-8960644342005763033,984738,1489869735
-4907054708698766600,986713,1489869741
-1185560270640015475,987045,1489869727
8434093581610690962,987045,1489869739
8362223235514615853,987045,1489869786
3997512495410571906,987045,1489869779
6321105125347226610,987046,1489869747
-2304749007370980434,987046,1489869769
875218908534392996,972937,1489869757
-6713967397102696920,986838,1489869754
-1450839039669848529,987056,1489869749
-4013655269836142025,987056,1489869751
-2682108373494850940,987056,1489869737
6298120198991802916,987056,1489869782
-9218153769651489278,967559,1489869785
6101038301532031449,979023,1489869775
-6389350321163838616,987003,1489869782
-7198004465401700045,986592,1489869782
2961839628618407963,986592,1489869727
6838303428360309798,946902,1489869729
396040307721207662,986670,1489869768
-820840915082196226,986567,1489869729
2136898167551326084,986607,1489869781
-1335145743638077345,986607,1489869754
4221867669034791032,987040,1489869749
4290400373530198434,987040,1489869785
-6372791714174211115,987040,1489869776
1820915206984849168,987040,1489869744
195487726507803453,987040,1489869730
-220253452628551623,987040,1489869768
4320989230287179791,987040,1489869752
-9154273503672863356,987040,1489869745
-5052591993471808661,987040,1489869781
-7515438979731700032,987040,1489869752
-3831569852584960709,987040,1489869738
-7606817669493140759,987040,1489869769
-9057804571055649726,987040,1489869752
7042801154018994947,987040,1489869763
335314849793876643,987040,1489869744
-8410376356279391023,987040,1489869778
-6214980486396268218,987040,1489869761
-1945788983033683773,987040,1489869764
2933022364263028334,987040,1489869734
6666484197686193438,987040,1489869755
2737533214121660511,987040,1489869779
-2596745292723257864,987040,1489869744
-8127066231985394024,987040,1489869769
-7975610673401142515,987040,1489869761
-998963979499771277,987040,1489869761
-1477569298753107613,987040,1489869783
4642311360376518271,987040,1489869777
1239963554953647810,987040,1489869731
-1571918666548680778,987040,1489869740
-3871265889996710280,987040,1489869743
3995207385089942517,987040,1489869754
5476343355849825591,987040,1489869776
-2682108373494850940,987040,1489869783
-5611422032410814278,987040,1489869771
-9219717586310353543,987040,1489869779
-190067111731193830,987040,1489869737
895506183437440978,987040,1489869738
7154793922144388649,987040,1489869745
-6480303543128043068,987040,1489869749
-7022215730551318187,987040,1489869746
-8201761103406376225,987040,1489869781
-8070848783087691763,987040,1489869771
-952485755477280936,987040,1489869779
-5543391663130902273,987040,1489869728
3140405444155817511,987040,1489869769
-4565908958948406590,987040,1489869752
7464279818206104859,987040,1489869773
4084947469737610052,987040,1489869737
-5351749920962481397,987040,1489869765
-3131630046415404606,987040,1489869769
198274154768914272,987040,1489869785
1932945218799783563,987040,1489869763
-4609838130765930219,987040,1489869754
178295390474167569,987040,1489869753
7028613052940892301,987040,1489869767
-3729507148923825150,987040,1489869736
-2916695501541804416,987040,1489869765
8277502743300171097,987040,1489869770
2032282769645552376,987040,1489869784
5666762618229837400,987040,1489869769
-638288308629285727,987040,1489869778
-5992042733147352511,987040,1489869743
1568990562540000221,987040,1489869756
759099553882517907,987040,1489869755
-123754020813745487,987040,1489869770
5622046577086885417,987040,1489869770
-3415462880258538166,987040,1489869765
-5383231901281117826,987040,1489869784
1845613852365955102,987040,1489869762
7949350398404638815,987040,1489869741
-7154356851237083389,987040,1489869784
-707896417127469849,987040,1489869734
7865248021613854141,987040,1489869782
-610102897428863057,987040,1489869738
6057819904683176805,987040,1489869783
-2695433110767581303,987040,1489869733
-6404843769375235920,987040,1489869753
977971660230321716,987040,1489869766
-2943113308691667548,987040,1489869766
-6586904651402149919,987040,1489869755
881163317121648018,987011,1489869748
-2392144697562677200,987011,1489869784
-374772946077510578,987011,1489869740
1652152193604489713,987011,1489869730
-5715430053100612066,987011,1489869758
2870413570481528221,987011,1489869783
941916838388773460,986271,1489869753
-7115353951183128257,963869,1489869782
6220351879515189042,986852,1489869742
8362223235514615853,987048,1489869786
8434093581610690962,987048,1489869727
6579465478733710541,987048,1489869751
-1477569298753107613,987055,1489869769
-2682108373494850940,987055,1489869774
-2916695501541804416,987055,1489869765
-1450839039669848529,987055,1489869749
8586785820790005506,79051,1489869770
-1659483955026448352,79051,1489869732
-5495214747544127202,986957,1489869742
-1652421635676843286,986957,1489869779
7751844862588308358,986270,1489869755
1389474671963931323,986270,1489869777
-2271637679703033724,986270,1489869778
1228620914372364079,986270,1489869731
1794666028329272526,986270,1489869782
2493116119566167366,986270,1489869781
-7307079745951589609,986270,1489869742
5616932079090508170,986270,1489869774
-2154223473177582217,986270,1489869728
6372543447195700681,986270,1489869786
-2732853948702812878,986270,1489869779
6662570233035874507,986270,1489869749
7444449125558227650,986270,1489869739
-7622170762673319533,986270,1489869768
-5010760179633776302,987074,1489869780
-5481517823799623285,987074,1489869773
-3223999429104725074,987074,1489869775
4855787017889656581,987074,1489869751
2989279121744574236,987074,1489869764
-4156053051370838932,987074,1489869775
-7758365388794992980,987074,1489869737
207072775033278652,986559,1489869764
-2685091267453065891,941867,1489869770
-3588575698553327982,983754,1489869734
-579095446852825446,983754,1489869748
851923616097216820,983754,1489869761
-5070974853682077774,983754,1489869743
-2766565102312901960,983754,1489869776
4682651264523053035,983754,1489869754
-3174152905570790072,984475,1489869769
-3960092025718214817,982034,1489869735
2924155864932490388,986862,1489869762
-1822007324758446377,986862,1489869766
1545720452136309217,986970,1489869745
-1823213209695776145,986887,1489869736
-6547635898996915023,986904,1489869745
6085819489503661031,984740,1489869761
-3810750930188353907,940619,1489869748
-1652421635676843286,986955,1489869779
-7723095830628960233,986955,1489869762
2425952975067512485,986955,1489869730
-8076705286357099945,986955,1489869780
7159709365819527418,986955,1489869755
8674516531052401227,986955,1489869732
-2997107203880898390,986955,1489869778
-8301334402558804732,986955,1489869746
-8201761103406376225,986955,1489869785
7042801154018994947,986955,1489869779
6885488127901748761,986955,1489869763
-9057804571055649726,986955,1489869785
-1429738743621546817,986955,1489869738
4851192763942941979,986955,1489869782
-8163345409453812171,986955,1489869749
1570347308975113866,986955,1489869739
1929322256254263860,986955,1489869769
3564211586494328811,986955,1489869773
-6480303543128043068,986955,1489869760
-5037520786979201517,986955,1489869743
-510224399642068025,986515,1489869781
-7115353951183128257,965936,1489869782
-2907927367408804907,981732,1489869753
1942577368610542633,981732,1489869781
-948112371368753955,981732,1489869734
-8201761103406376225,980356,1489869746
-4068691134204514038,905022,1489869733
2989114361319839883,986831,1489869753
-5909966965924543600,986831,1489869725
-7835183236998947909,903583,1489869768
-3004744135207881986,954959,1489869777
-6194840563788988101,985107,1489869740
-6120036229332942424,985107,1489869784
5939439875764182223,985107,1489869753
8075602693113747663,985107,1489869757
8960799909621753218,985107,1489869778
-7900665057103085182,985107,1489869758
-7749841518719872617,985107,1489869738
-6284689751701532745,985107,1489869771
-6890018044853162500,985107,1489869777
837634661615070924,985107,1489869730
-212444534200265144,985107,1489869767
2902378413431394592,985107,1489869782
8886091005040506438,985107,1489869784
-7120569215302452412,987028,1489869754
1753498007180785861,987028,1489869752
8877179149007227128,987028,1489869755
-649373128676004521,987005,1489869728
-537139364363403357,987005,1489869754
6196527313078662807,987005,1489869744
-9076835097782839919,987005,1489869738
-8941629732298174948,986393,1489869778
6192902832815976532,986775,1489869776
6192902832815976532,986762,1489869782
5452966364346502203,983929,1489869762
7589868280081694262,983929,1489869766
5332379962231080679,983929,1489869781
-9097826288097396256,983929,1489869746
-3407694956701199012,983929,1489869762
6023486608951971737,879673,1489869735
-1778174122856444419,983613,1489869736
-4794961905842834682,983613,1489869744
8731750941614330469,986741,1489869738
7816974995027825020,987006,1489869771
-537139364363403357,987006,1489869767
-649373128676004521,987006,1489869728
-1547717690355913011,902656,1489869736
-1568892647294370534,987036,1489869778
5722051195611498479,987036,1489869768
-2402040116616824160,987036,1489869786
-1820186395732987634,987036,1489869740
5518668038362255321,987036,1489869757
-4458264009930746832,987036,1489869769
-2473432247141350504,987036,1489869755
1972626685881863585,987036,1489869771
-3351257847900336562,987036,1489869772
-2918619360154332159,987036,1489869771
-2807095750197835235,987036,1489869752
741896424782998015,987036,1489869728
-13908199549158826,987036,1489869752
1418033960686063371,987036,1489869783
3674794217958117001,987036,1489869776
-8677939303246116965,986676,1489869753
1323698385644053426,971703,1489869740
-6629213074077077793,986696,1489869771
2663479162528414344,986696,1489869724
-6903966557909051840,984782,1489869763
-7518100086910421304,985080,1489869751
-1462793555567420757,986736,1489869750
3948969260038712179,884122,1489869781
2218511999890911440,213209,1489869753
1646425635890314335,61394,1489869766
-8772515340143014162,166329,1489869781
-8201761103406376225,980657,1489869745
-6682895770361372352,985318,1489869747
-5559792124044330476,985318,1489869761
-3754736166424278358,985318,1489869758
-1632418612934834185,985318,1489869741
6300325738520295080,985318,1489869754
2678797714956241341,985025,1489869785
-699991456911800596,985025,1489869749
-3177564047161119154,985025,1489869732
4333617966355982966,985025,1489869748
3515296321356998289,985025,1489869756
-4313272514148134549,985025,1489869732
2806884257611541991,985025,1489869733
-5838510454237812481,985025,1489869778
1864496766659845537,985025,1489869771
4769896212731744491,980303,1489869771
-6898009290148279026,980303,1489869760
5869225559361395907,986929,1489869785
309970530322866458,986929,1489869736
824456172646043002,986866,1489869759
523795682974218681,986866,1489869773
-3234596742311955422,343575,1489869739
8586785820790005506,79048,1489869770
-4013655269836142025,987059,1489869732
6298120198991802916,987059,1489869782
7186274742477353778,987059,1489869736
6628474680769696044,987059,1489869778
291365370752184690,987059,1489869761
1933427145774420490,987073,1489869756
2989279121744574236,987073,1489869780
-1457990690607932275,987073,1489869780
1604433568062159972,987073,1489869740
3710256805988206003,987073,1489869744
-7778361414611612183,986965,1489869757
-849888660776820460,986965,1489869750
-3755936800604162661,986965,1489869782
1545720452136309217,986965,1489869769
-4907054708698766600,986965,1489869737
-5627490714864893870,986965,1489869762
5939439875764182223,986848,1489869753
-2691210353175259490,986848,1489869758
989129233937693792,986848,1489869748
-8005321514950182534,986848,1489869736
6821353889701442419,986848,1489869770
8996928485945273451,986963,1489869751
-4108964372101102000,986963,1489869762
9005819290910501955,986963,1489869730
-608967297115361300,986963,1489869728
4543393824472357052,986664,1489869772
-2826318947714886743,986664,1489869757
1545720452136309217,986962,1489869760
-1609486422702492749,876600,1489869779
-3984606738319016236,939424,1489869772
5980752459425344968,986941,1489869753
2219619757293517539,986941,1489869746
1367491918211412118,986009,1489869743
-6298896037916462242,983463,1489869738
1874093106561126984,983463,1489869736
-6298896037916462242,983269,1489869738
-3288084901024238553,986499,1489869747
-7198004465401700045,986499,1489869782
-7731137274350132920,986510,1489869735
-2203001883128245875,345604,1489869779
-1853142264377681351,984994,1489869742
5546646308906071653,986787,1489869743
9096010768240568439,986167,1489869783
-1312899392821436153,986167,1489869735
929659900941767036,936838,1489869746
-4316628470252824371,985296,1489869754
1545720452136309217,986968,1489869733
-802817392599160054,986968,1489869760
5891189997744662585,912129,1489869732
-7026725077805351885,983796,1489869745
4976963710917335632,985495,1489869763
-2190639333694499356,986788,1489869783
5270039675613655631,986788,1489869779
-7198004465401700045,986788,1489869774
-8338422503125373440,986788,1489869749
-1943764632757940685,986788,1489869745
4802410247405227818,986788,1489869732
-6365235924355332348,986788,1489869761
2617564094319078825,986788,1489869764
-6817234681086853615,986788,1489869770
-2387124556156301050,986788,1489869746
-924147592617421860,986788,1489869783
7881811426860364823,986788,1489869757
-5627490714864893870,986788,1489869786
-3870661985258361742,973274,1489869760
1328914061444046251,986010,1489869741
-1778174122856444419,983187,1489869736
-2203001883128245875,345599,1489869779
6085819489503661031,984729,1489869784
-1545231347713167874,341253,1489869770
-8266973361798633882,984714,1489869774
-1547717690355913011,902653,1489869754
7921181535569264560,986781,1489869740
-6898009290148279026,980301,1489869760
7769399294746970348,987023,1489869753
-1740621611940705915,987023,1489869744
2047952878453440159,987023,1489869738
6663611108349999519,987023,1489869731
8297032137752175238,1184,1489869758
8873196041314581889,985627,1489869762
-6635018290358636341,986378,1489869751
6375789792491460349,985733,1489869777
6720260922661573694,985733,1489869782
-2797687826990960948,985733,1489869746
3785310326650119978,985733,1489869771
-6286416680084838508,985733,1489869765
2804228577327979445,985733,1489869744
-8120053529828980588,985733,1489869741
2043391763779572476,986799,1489869771
-2014136821684862551,979228,1489869728
-752470681956465324,986785,1489869761
-5036255691536230318,986785,1489869761
-8075207051136163435,986785,1489869765
291365370752184690,987067,1489869740
292541592616755283,987067,1489869782
6822956982534712987,987067,1489869786
-1583775787021677641,894805,1489869781
3185858881400221022,986899,1489869743
-3592196025091119268,986343,1489869755
-4889812126130647361,982380,1489869783
907861175957458340,166118,1489869750
7211754887170818983,986966,1489869733
2101565962134376128,986966,1489869763
-1809882708045071464,986966,1489869730
6900544080446755686,986966,1489869737
5364471504932588313,986966,1489869756
-5699364359087527621,986966,1489869744
-8047279431152109572,986966,1489869740
-7115353951183128257,967404,1489869766
-315931642474156563,959517,1489869739
8623661310190990892,345163,1489869768
-2937072590370061900,410065,1489869734
6579465478733710541,987049,1489869751
912078516278902186,987049,1489869742
8362223235514615853,987049,1489869771
7821167945311666832,987049,1489869776
-8645984718441149559,987042,1489869729
-4142987902802110708,987042,1489869736
-1286770305415500693,987042,1489869782
392295142592811138,987042,1489869759
1099674253225939069,987042,1489869728
5635944385657957922,987042,1489869781
-4740242950839089030,987042,1489869785
-1185560270640015475,987042,1489869773
-7885801619194371187,987042,1489869768
-8334862444081478650,987042,1489869734
-2015480789566080498,163730,1489869779
1071379712334477098,985989,1489869736
206463375279022528,985989,1489869744
-5847001233305579949,985144,1489869763
7662740982746447506,986645,1489869775
-987142645618088576,985024,1489869734
-4889812126130647361,985024,1489869784
6023486608951971737,876158,1489869735
6192902832815976532,986774,1489869746
6220351879515189042,986854,1489869732
4230234463364671891,986716,1489869786
2200893384905886530,986716,1489869748
-5848024930483793297,985962,1489869784
10573771251721280,985962,1489869777
-5044207076600091066,985650,1489869762
-4794961905842834682,985650,1489869767
1250962177936959037,985650,1489869745
-5185577495877426717,939801,1489869775
-6263056909957188037,985950,1489869735
2169289407563877182,985528,1489869748
6822956982534712987,987064,1489869779
-6592140734797016055,987064,1489869782
-5872266989435317582,987064,1489869772
4399918265346307561,987064,1489869748
6148513848858075085,985967,1489869759
-7508239712298227864,986841,1489869766
-1819974171868804094,986841,1489869734
2785874841277684886,986841,1489869750
-4842740355275006997,986841,1489869786
2043391763779572476,986841,1489869746
8679148804192929728,987081,1489869786
-6698813285684749036,987081,1489869731
4395791948350387621,987081,1489869780
-3143131575559144132,987081,1489869739
-716565670038625526,987081,1489869762
49490125844578489,987081,1489869768
-8259091909475383418,987081,1489869755
-595100248245033837,987081,1489869729
-3119962401305294944,987081,1489869785
-8873794541731220120,987081,1489869786
6568590073728245069,931663,1489869733
4192105618350603560,981853,1489869736
2905536220658183195,987091,1489869782
-1441707158280657072,987091,1489869769
-9149532905255610343,987091,1489869782
3859861919801974652,987091,1489869769
7767020892804996123,987091,1489869773
8720436545503686353,987091,1489869774
574524154965726096,987091,1489869732
-5017479883983444771,986808,1489869779
7921181535569264560,986808,1489869752
6387533242281880362,415902,1489869758
-3531137649641839694,983979,1489869782
5953442157953659973,342612,1489869738
-2209336463009964193,982398,1489869728
77151362066061205,986789,1489869776
4963917932274578867,986789,1489869744
-6518042662344834179,986789,1489869737
7419305969652636623,986789,1489869761
4273993253839920295,986789,1489869777
9087571172155243774,986789,1489869746
-6286609585655735790,986789,1489869741
4492964950153755128,986789,1489869763
-5241953453676965767,986789,1489869763
-5011951813786857935,986789,1489869767
-4057950705941440904,986789,1489869730
-712875692853331815,986789,1489869751
-7308564888907248973,986789,1489869776
-8731786385160719043,986789,1489869763
4455056636931562417,986789,1489869750
8679148804192929728,986789,1489869737
5891406826906155500,986789,1489869739
207072775033278652,986473,1489869772
4445740751651517002,876594,1489869755
-8393427248296173747,951221,1489869739
-2826318947714886743,986624,1489869750
2468349053003850854,986624,1489869780
-1113066604576603724,986624,1489869749
-3511887613156225825,422651,1489869770
2198130998555628281,986482,1489869751
8160413249936106688,986482,1489869774
-6735461556259835384,986482,1489869768
3363229459076410221,986482,1489869757
-9008075643655973070,984322,1489869784
288106960055028888,984322,1489869762
-8262081282000971491,936262,1489869759
-4307703344709874217,986063,1489869756
-4860823240441727729,935741,1489869751
4192105618350603560,915559,1489869740
1980796444026194269,985866,1489869757
6278153644818243337,985866,1489869760
-1957250750101020127,980490,1489869786
8485704871156340462,980490,1489869768
-2404444331867109635,986276,1489869784
-8489830832103710821,986276,1489869783
-3598734759542589047,986621,1489869752
-6308644155579152855,986621,1489869778
-8842885992437239401,986509,1489869733
158390708920862499,985873,1489869752
-6364834272267303234,975858,1489869730
2341683627588671138,975858,1489869736
8367895624333336867,975858,1489869742
-7691875304782304749,975858,1489869758
1933427145774420490,975858,1489869778
4523342492123063542,986747,1489869780
8679148804192929728,986747,1489869732
7751844862588308358,986747,1489869755
1389474671963931323,986747,1489869777
-2728861402424580986,986712,1489869767
7589868280081694262,986712,1489869778
5332379962231080679,986712,1489869785
-6566009073154785678,986935,1489869738
1646425635890314335,61409,1489869762
2578299318278294309,61409,1489869781
-2551066221131949010,987038,1489869742
-1819924650068656584,987038,1489869741
-4142987902802110708,987038,1489869763
-7885801619194371187,987038,1489869778
-6832155021478188157,987038,1489869733
-1185560270640015475,987038,1489869773
-213537949052241003,981957,1489869746
-6547635898996915023,986900,1489869783
879460003283418512,986561,1489869750
-5403841074530926934,345258,1489869776
3333662331041184097,343565,1489869762
-20631694609386565,343565,1489869747
8756808852685222711,343565,1489869769
3954596865274537767,343565,1489869734
2017076343142814618,981550,1489869747
-3844629561063111254,963817,1489869731
6220351879515189042,986847,1489869770
-5891121481206581879,932389,1489869755
2905536220658183195,986943,1489869779
-3782871583898387121,985925,1489869755
-5204520292129226614,986953,1489869742
-5495214747544127202,986953,1489869746
-9209444225237907041,987039,1489869753
-3886240799474933489,987039,1489869774
7265852453915758549,987039,1489869766
5068166972241983418,987039,1489869773
-8233923052248750875,987039,1489869767
8015037344062154268,987039,1489869776
-3531396567792326979,987039,1489869750
5132925553505532193,987039,1489869772
-1185560270640015475,987039,1489869735
-7885801619194371187,987039,1489869734
5635944385657957922,987039,1489869740
-8767142918742995824,987039,1489869769
2051674903454494678,987039,1489869750
8434093581610690962,987039,1489869750
195487726507803453,987039,1489869767
1198840381282749304,987039,1489869766
2989279121744574236,987075,1489869771
-5010760179633776302,987075,1489869781
-3223999429104725074,987075,1489869775
921250127132840495,986249,1489869782
-7936132248080181192,986249,1489869734
5332379962231080679,986249,1489869775
8248322284947584004,986249,1489869777
5768475832766430972,986249,1489869731
-2568548242005686519,984652,1489869746
-3731258470110535,985185,1489869741
-5563546273359684822,986921,1489869783
-7723095830628960233,986921,1489869781
-560814965966459066,986921,1489869729
-8076705286357099945,986921,1489869785
-8201761103406376225,986921,1489869785
-6103372058677855026,986921,1489869772
7159709365819527418,986921,1489869755
-4307312772059500217,985000,1489869728
-5896482236555386252,985000,1489869736
