-518098810342164803,985753,1490044548
8411448876170524965,985753,1490044525
-1437893831225508045,987623,1490044531
123684525967195477,987275,1490044559
-1112929181769879752,987275,1490044528
3682232018517561986,987275,1490044521
-6724354105402201581,987679,1490044564
2230728882247757632,987679,1490044534
9153391880353848421,987442,1490044552
6909769498889127141,987763,1490044560
4928899554948391308,987754,1490044546
8946466790198461771,987754,1490044556
-1694143307118918124,987754,1490044518
1368740813573285245,987754,1490044563
4056642889148326807,987754,1490044529
-411507374477333950,986976,1490044535
2573519148372637625,986976,1490044558
20348338771985728,986219,1490044526
-4133001333397889835,987600,1490044554
6859316843560333594,987600,1490044534
-1265402107026924445,987600,1490044560
-7554987551418169475,987021,1490044537
8162219888106434768,402137,1490044559
-9172232283094743226,979349,1490044525
-8215893848235500166,985533,1490044521
-945641472627735249,945491,1490044527
670102454172206471,987555,1490044551
2159753277808712733,987555,1490044525
-538760573261640417,987555,1490044542
7051019865289019057,987479,1490044556
8876056784361073233,939411,1490044551
5582825408779089024,939411,1490044564
1587813945777245382,983260,1490044522
-8505799905409658739,986736,1490044560
-204733163590795927,987323,1490044543
7162565501231292228,987323,1490044546
-7159516761225958193,987794,1490044540
8173108353464722841,987794,1490044560
4727233651007754818,987794,1490044549
1499135133814973099,987794,1490044536
-5773455343514991677,987794,1490044554
-3290476332193648519,987794,1490044534
-6184795372926404499,987794,1490044550
-5660053672680255500,987794,1490044539
5249057464296737897,987794,1490044536
3461908687941470154,987794,1490044513
4300210014834735855,987794,1490044509
1279539869560606293,987794,1490044513
-8067920484491830668,987794,1490044530
3024164025369857071,987794,1490044516
-1992127005536200315,987794,1490044548
2638693596418588980,987794,1490044555
1380076840748200448,987794,1490044510
-1762678564812337498,987794,1490044560
8071062812766135914,987794,1490044550
-8250721226319590733,987794,1490044563
-319618896285801045,987794,1490044536
5166931625150948750,987626,1490044531
-3491277615197469969,987626,1490044516
3296948832446356916,987626,1490044553
5558470066755607907,987704,1490044545
7207605860040576115,987704,1490044514
-2199505629668698691,987704,1490044546
8181112085107314752,987704,1490044506
4126265097417023750,987704,1490044520
1055872166775318648,987704,1490044536
-6359647902048286336,987704,1490044508
8589257218061765729,987704,1490044510
4984107830498985104,987704,1490044544
-5715650634559286684,987704,1490044536
7808954744428122053,987704,1490044541
-4716629180728619022,987704,1490044521
-3630675074599295544,987704,1490044555
-6305022075658293758,987704,1490044540
-9155369231987235179,987704,1490044510
6321477082655747445,987704,1490044554
4887219801316833038,987704,1490044544
6505505556566250273,987704,1490044543
6194512398823173728,987704,1490044519
-2645449603334598947,987704,1490044516
3334991403642889736,987704,1490044522
-6875797004691182979,987704,1490044549
1311337380639843725,987704,1490044565
462769060351553344,987704,1490044529
-1181544893633906049,987704,1490044519
591485191403576066,987704,1490044529
8872051037742827256,987704,1490044544
8738333075606574149,987704,1490044516
-3274369376976550420,987704,1490044534
-8505799905409658739,986799,1490044516
2232869690624887507,987748,1490044535
-8458762774937338343,987748,1490044514
1912055329642568803,987748,1490044555
5584588550547941671,987748,1490044515
-1694143307118918124,987748,1490044564
-4470123424100719692,987748,1490044546
-5472762419315643574,987488,1490044543
-994850103805823169,987488,1490044528
-4203850738329969083,987390,1490044518
3652144396193839014,987390,1490044541
2403254089889655294,987390,1490044534
-4048788000242627432,987390,1490044553
-4377565972172122052,987390,1490044539
1422342418101184161,987390,1490044564
7800785888732159596,987503,1490044539
-352056383845006155,987503,1490044540
1756400029134164607,987503,1490044531
878617458512502167,987503,1490044558
5509985160572822381,987503,1490044517
1968108792502844303,987503,1490044537
-3305103865776599613,987503,1490044550
-3164410745782847788,987503,1490044538
1607655972071360919,987503,1490044532
-960849936249722985,987503,1490044523
-8564841089621382898,987503,1490044526
-8410054062565385947,987503,1490044532
-7830753190165608805,987503,1490044549
5063328616024087902,987503,1490044542
-2873340415044914052,987503,1490044519
3092357493839310237,987503,1490044554
4611491140411294874,987503,1490044548
9069592923171010847,987503,1490044551
803903759069551951,987503,1490044542
2204004217557499515,987503,1490044559
-772355472981587564,987503,1490044514
6785241250809560314,987503,1490044525
-4596048378376448652,987503,1490044544
8233225122374640025,987416,1490044548
7527182928813385695,987416,1490044538
-6512777502108866431,987416,1490044556
-4489471612207615008,987416,1490044507
-8458762774937338343,987746,1490044533
5416489365903361386,987746,1490044507
1912055329642568803,987746,1490044560
5584588550547941671,987746,1490044515
1513106795543235263,987746,1490044522
-1694143307118918124,987746,1490044564
-6724354105402201581,987675,1490044551
-9045184514548582834,987675,1490044540
7592472814356201818,987283,1490044524
5356347489237892118,987512,1490044533
-349692518308541081,987081,1490044534
-7042022548932300617,987371,1490044531
-4873353263257153884,987371,1490044507
-4255566654039412793,984780,1490044545
3714699732336533191,892984,1490044560
5065076185042667261,987464,1490044509
5812827561916830606,987464,1490044558
1533282513580060137,987444,1490044537
3387908694145071964,987174,1490044519
-7514377655631232285,987546,1490044531
1910101856302831339,938401,1490044510
-8114302996804726199,984681,1490044512
-5176223818474771052,984681,1490044562
4773771141247947081,986766,1490044521
-742222797602350279,986766,1490044555
4811642528350860785,987333,1490044512
-7880729757127937952,987427,1490044565
-6045440229714513139,987427,1490044525
4341880278935195020,987427,1490044560
8140687742406899165,971543,1490044550
8494621387351746656,971543,1490044515
504218460457955823,987344,1490044526
-8412517211135855043,982199,1490044553
1088620580860675571,987459,1490044528
3719513806534841067,983463,1490044547
5897496654247748266,986508,1490044548
-1437893831225508045,987627,1490044518
4031307960460474731,987627,1490044519
-3491277615197469969,987627,1490044544
-7067961332161033941,987627,1490044561
-4990068125613451639,987747,1490044516
-8665465332026495539,987747,1490044531
-1694143307118918124,987747,1490044545
4773771141247947081,986511,1490044565
-8978354453784057157,418030,1490044551
5423880674461401644,987792,1490044534
-4311827796112978406,987792,1490044555
-8447801025973717130,987792,1490044546
-1556735981472234788,987792,1490044565
8311045390204106776,987792,1490044549
5902130123254548165,987792,1490044546
4980300360517301063,987792,1490044547
-2445145968941571129,987792,1490044529
5183573042656202953,987586,1490044535
-4297255754062986555,987586,1490044508
3170246444322430957,987586,1490044526
7187335329922475872,987586,1490044536
6009193701678305976,987586,1490044556
-3491277615197469969,987586,1490044536
-2023265111736813092,987586,1490044526
3296948832446356916,987586,1490044553
5166931625150948750,987586,1490044531
7066621692182458808,987799,1490044548
6703649964082647412,987799,1490044537
-6715921697845869130,987799,1490044561
-8274821521606698542,987799,1490044552
-1592622673772453287,895648,1490044550
-2651423993059552357,987660,1490044524
-1460978562756882827,987487,1490044508
5812827561916830606,987487,1490044520
2009963878697941174,987487,1490044532
2490818749590025232,987678,1490044537
-8658415933827919871,987610,1490044553
-7217059367219206517,987610,1490044508
7633451551351931024,987610,1490044529
-7834853601678272319,987610,1490044536
-4541286188550831139,987610,1490044559
-8329901639041854848,987610,1490044561
-1003111347838393869,987697,1490044565
-9045184514548582834,987684,1490044540
-6724354105402201581,987684,1490044518
-742222797602350279,986820,1490044509
991836452944819819,987768,1490044545
3080349908643861892,987592,1490044536
6796734503102733304,987592,1490044527
-7372063068782366743,987779,1490044542
-5967633722840799599,987779,1490044531
-4916953484673712367,987779,1490044547
4817238532055604364,987779,1490044538
7692892465026333099,987779,1490044542
4963476973918536974,987779,1490044547
-5331563503235866717,987779,1490044565
-1797950493761630553,987779,1490044545
-1986777584340605290,987713,1490044521
-2257164734868379601,987713,1490044529
5173252604190305684,987713,1490044556
-8246535819605953340,987713,1490044513
2255976535163891138,987713,1490044555
-5065432037272899035,987396,1490044509
1769278527798800862,987486,1490044550
-637701133013230933,987486,1490044520
1117757266615713135,987486,1490044549
5522013739873367278,987486,1490044565
1777553413091752123,987486,1490044565
-5591722808510765269,987486,1490044510
-3166504848686183422,987486,1490044536
-2490302144171048198,987486,1490044560
-3764080987322039869,987486,1490044518
4160136422915792099,987486,1490044563
9022643921179752141,987486,1490044516
8147959765001095898,987205,1490044529
-6477259781858415677,987785,1490044523
8788181623035688403,987785,1490044538
4783886708398732115,987785,1490044533
4829316455775236099,987785,1490044521
5919103909121174500,987785,1490044508
-8067920484491830668,987785,1490044559
-7454299222876562637,987785,1490044523
1499135133814973099,987785,1490044556
3461908687941470154,987785,1490044536
-4311827796112978406,987785,1490044564
4201576145358540858,987785,1490044519
-2341731633870667394,987785,1490044550
-7159516761225958193,987785,1490044557
-5773455343514991677,987785,1490044563
4300210014834735855,987785,1490044523
-1400131599080310862,987785,1490044544
5249057464296737897,987785,1490044561
-5660053672680255500,987785,1490044561
-1103415169240255594,987785,1490044506
8716136701493940025,987785,1490044563
8173108353464722841,987785,1490044565
-7793183144948895862,987753,1490044534
-1694143307118918124,987753,1490044534
4928899554948391308,987753,1490044555
4056642889148326807,987753,1490044517
7898692674331091230,987423,1490044519
-3415172222943933442,987423,1490044550
-6730052195357499777,420364,1490044545
-7057108688907656393,985260,1490044542
-5528427225370549751,984922,1490044505
4222398336580036466,986263,1490044563
-5847213968616687722,987255,1490044539
299089353697464181,987255,1490044536
-7255432174467119512,987255,1490044514
-4734314393406195426,987255,1490044532
-6111171739995744708,987531,1490044557
-1264971066253489377,987531,1490044543
-4510166603972648656,987531,1490044518
104309119144316914,987531,1490044523
-4541286188550831139,987613,1490044546
-1963113568854055982,987273,1490044517
3703527139410084101,987273,1490044553
-7985577759391653063,987722,1490044528
7085516047822947824,987751,1490044565
8703567215923770513,987751,1490044537
4300210014834735855,987751,1490044539
3461908687941470154,987751,1490044550
-7454299222876562637,987751,1490044532
5919103909121174500,987751,1490044517
4829316455775236099,987751,1490044529
-7159516761225958193,987751,1490044563
-5773455343514991677,987751,1490044565
-6477259781858415677,987751,1490044523
-8067920484491830668,987751,1490044559
-3013080509231085462,987690,1490044550
-5886894670611751786,987690,1490044561
-231316808277126258,987690,1490044557
-87687965673823188,987690,1490044547
-4710083714919088897,987776,1490044528
-1645655315055767026,987776,1490044556
4963476973918536974,987776,1490044559
5370182274492868038,987776,1490044515
-4262243975502644096,976870,1490044560
-2451926049750036159,987429,1490044538
1716818259460030931,987429,1490044534
8355368433693083737,987429,1490044534
-3209296545981780096,987221,1490044549
4773771141247947081,986699,1490044529
783830831592800729,940557,1490044563
8536976874875773073,973613,1490044549
-4935307075022899570,924369,1490044525
-4262243975502644096,976953,1490044531
-1837155154056707669,57879,1490044518
3909608813484869599,986482,1490044538
7284513896128500248,987474,1490044561
-9114493667898972989,987474,1490044556
5812827561916830606,987474,1490044538
6969677539161309911,987474,1490044555
6695641643327493302,987474,1490044523
4447705904377610564,987755,1490044535
1790304371445920441,987755,1490044537
-9073835988623595961,987755,1490044526
-1694143307118918124,987755,1490044515
1922214257862129944,987755,1490044523
1977873972277357118,987755,1490044551
-6769738780081862329,987483,1490044536
4866440064212757530,987483,1490044533
-204733163590795927,987381,1490044547
-1837644879839543026,417191,1490044553
-7998463274428223122,986576,1490044561
8908149038690665939,987709,1490044555
1949749573311100182,987709,1490044532
-8356940317695553446,987709,1490044550
8703567215923770513,987709,1490044555
5919103909121174500,987709,1490044532
-5635182967468622025,987709,1490044520
3461908687941470154,987709,1490044558
4829316455775236099,987709,1490044537
4300210014834735855,987709,1490044544
-5773455343514991677,987709,1490044565
7085516047822947824,987709,1490044565
4783886708398732115,987709,1490044533
-6470943619346879589,987709,1490044525
-7159516761225958193,987709,1490044563
-418475787531282557,926023,1490044530
-1694143307118918124,987761,1490044509
6039821081082237758,987761,1490044522
-3150105869501580802,987761,1490044528
-2366033530185493382,987761,1490044553
4056642889148326807,987761,1490044509
7433563487336865686,987761,1490044545
-5331563503235866717,987783,1490044543
-5208624718014016106,987783,1490044520
-8733698586443898950,987783,1490044524
6691785650236221646,987783,1490044539
7692892465026333099,987783,1490044514
-560298104676284875,987783,1490044561
-3015365193615805278,986919,1490044527
2403254089889655294,986919,1490044538
-7057108688907656393,976757,1490044544
8287482723784669689,987652,1490044553
-2876289692261042853,987652,1490044559
7051019865289019057,987652,1490044548
4093862508713036441,987652,1490044522
1790304371445920441,987652,1490044537
-389994373880417147,987652,1490044507
-6061172508588098435,987652,1490044510
1912055329642568803,987742,1490044560
5416489365903361386,987742,1490044507
1716818259460030931,987434,1490044539
4773771141247947081,986644,1490044551
-7880283015176798931,151315,1490044542
-1837155154056707669,57875,1490044536
6082652703759784902,987577,1490044562
2294052281243961040,987577,1490044532
6840025799931185553,987577,1490044518
3849892612587684440,987577,1490044543
5522013739873367278,987577,1490044538
7465378140455820633,987577,1490044534
1295633960870563151,987577,1490044543
-9163632394977753465,987577,1490044512
-1228738898008913148,987577,1490044544
6112737998036878557,987577,1490044527
3561080087208361638,987577,1490044528
4602191846690147645,987577,1490044547
8668918178688112127,987577,1490044551
4948331481593107135,987577,1490044551
5414481170869710107,987577,1490044557
8246518192619282549,987577,1490044516
-5143795515870020509,987577,1490044557
-6724354105402201581,987680,1490044557
8208901737214020475,985003,1490044511
4222398336580036466,985003,1490044562
7764120159628226398,983981,1490044555
6969677539161309911,987477,1490044555
5812827561916830606,987477,1490044537
-9114493667898972989,987477,1490044526
-5886894670611751786,987694,1490044521
-87687965673823188,987694,1490044534
6009248582436482912,987694,1490044551
6000549880498659203,987694,1490044527
1716818259460030931,987426,1490044564
5173252604190305684,987715,1490044519
2255976535163891138,987715,1490044550
2784584606770923751,987715,1490044552
-4390331455880243075,987715,1490044560
8619688006782139648,986208,1490044551
6836142162521555011,986208,1490044532
-5251130739254605951,986208,1490044548
-3051492134477134130,986208,1490044539
2704310607303252046,986776,1490044531
5939182823452058822,986776,1490044539
-518098810342164803,986776,1490044563
-4704824264615054630,74839,1490044557
-232157945215582520,971472,1490044532
-5708248251666338138,951036,1490044513
2677097515475126787,987384,1490044534
1589500630824898623,987618,1490044541
1532624140556927583,987618,1490044513
6707911418765306390,987618,1490044535
-2480575192217349914,987618,1490044538
-48800085682378048,987618,1490044551
7799643904470192483,987618,1490044552
-6545219001988881900,987618,1490044555
-975105755927609754,987618,1490044553
2671727644241566221,987618,1490044521
-5049048494948137490,987618,1490044536
-1838640762008369703,987618,1490044561
-8780508112199537782,987618,1490044545
-2028915189383268440,987618,1490044548
-4297255754062986555,987618,1490044534
-3034800660802611607,987781,1490044525
5995450092003077478,987781,1490044509
6974393083521700140,987781,1490044521
4963476973918536974,987781,1490044545
-5253723977174094646,987781,1490044530
-6470943619346879589,987781,1490044512
-8977495309402556331,987781,1490044564
4336546065146858647,987781,1490044513
4817238532055604364,987781,1490044529
-1797950493761630553,987781,1490044545
-4916953484673712367,987781,1490044531
3065350475054511133,987781,1490044549
-5331563503235866717,987781,1490044565
7692892465026333099,987781,1490044535
-5564007132670364957,987781,1490044559
-2564973146249933006,987781,1490044566
4593604601408245840,987781,1490044538
-6117506240559707118,987781,1490044515
481094898229006548,987781,1490044560
7152936126457186066,987781,1490044529
-8677639432171230416,987781,1490044518
-741224341490735670,987781,1490044530
8788181623035688403,987781,1490044550
-1240054184548485718,987781,1490044516
-3558749762227997066,987781,1490044562
-5208624718014016106,987781,1490044529
-4431594107930878622,987781,1490044532
-7165942056734540377,987781,1490044558
-6751294778345538141,987781,1490044556
-1470858042068344071,987781,1490044538
-3795435190998694614,987781,1490044541
-8058503005989343454,987781,1490044535
-1712490094502887186,972937,1490044561
4101918879740987016,972937,1490044537
-8057993783587018590,972937,1490044508
2242909473275085797,986249,1490044531
3984281148101238417,986170,1490044544
-8913811110562852595,987373,1490044517
2658565106793433226,987373,1490044513
5453209274982795230,987373,1490044540
-7296704402556518610,987373,1490044525
4568694159853465167,987092,1490044533
-1985789755198921015,986187,1490044538
3093417074578861982,986187,1490044521
-6346713620319496834,987400,1490044557
-8215893848235500166,986241,1490044517
2214245030388458134,986241,1490044563
-1391021436583756464,987451,1490044566
-8061057646157549728,987451,1490044545
3227290532487742269,987451,1490044382
3328291289010018934,987451,1490044531
866748255191452283,987451,1490044531
-4613106310623731946,987772,1490044508
-2748864442707796528,987772,1490044535
-1383065975207273070,987772,1490044563
7925368889720075119,987772,1490044536
-7320508090483503828,987772,1490044519
-8256061380784409823,987772,1490044519
9062646137846167019,987772,1490044541
136524841116236128,987772,1490044508
4963476973918536974,987772,1490044563
3374995992773010728,987435,1490044525
-2077092205671900532,986702,1490044526
-7303081099571651491,986702,1490044539
-3649549010427482569,970603,1490044542
4627089693966507764,987759,1490044563
-2943578706042975422,987759,1490044539
-7554987551418169475,987040,1490044537
8740941898330252095,987202,1490044549
4062670263191349082,987793,1490044534
5249057464296737897,987793,1490044561
-5660053672680255500,987793,1490044561
-3290476332193648519,987793,1490044546
3461908687941470154,987793,1490044525
3024164025369857071,987793,1490044527
-7159516761225958193,987793,1490044551
4300210014834735855,987793,1490044519
4201576145358540858,987793,1490044510
1499135133814973099,987793,1490044543
-8067920484491830668,987793,1490044536
8173108353464722841,987793,1490044565
-5773455343514991677,987793,1490044558
-7454299222876562637,987793,1490044509
-6077881721327357239,987793,1490044556
-1762678564812337498,987793,1490044525
4727233651007754818,987793,1490044549
1341600126743290497,986770,1490044520
-1362046040429703257,986770,1490044528
-5528427225370549751,986770,1490044560
-774253249990325286,984744,1490044516
7084581931389194716,906841,1490044561
-1837155154056707669,57898,1490044536
-77055100457222690,923934,1490044531
6796734503102733304,987585,1490044560
3080349908643861892,987585,1490044536
2291610626196089962,987767,1490044540
18258069360985886,987767,1490044508
-8056076583972729398,987767,1490044536
-95048955611439288,987784,1490044528
-560298104676284875,987784,1490044561
6691785650236221646,987784,1490044536
-5331563503235866717,987784,1490044537
-5208624718014016106,987784,1490044514
185631949645406095,987784,1490044535
7242018992695411764,987784,1490044559
7692892465026333099,987784,1490044513
-8733698586443898950,987784,1490044520
-8911679132922306003,987784,1490044547
-7771121599037350499,987784,1490044559
4829316455775236099,987784,1490044564
-6706770250358536153,987784,1490044536
1321087005659598144,987784,1490044557
5919103909121174500,987784,1490044563
6627297945015676119,987784,1490044550
1382733593211932043,985168,1490044534
-5973092885926897466,972031,1490044563
7999929983148219788,972031,1490044531
7763916367556541780,987630,1490044551
-8592556198673637393,987630,1490044521
-182874581972202426,987193,1490044555
1716761870944241121,341303,1490044528
-4256298871156627494,339660,1490044565
-4694232255780037986,984735,1490044521
3837469698455850413,987647,1490044511
-2827117183468294612,968598,1490044524
-5522732636139616715,904292,1490044514
-8945929875432484033,948146,1490044557
753041634723134067,880877,1490044557
5387764293769059648,880877,1490044563
-7885492904112755215,880877,1490044518
-6900654713865475108,987336,1490044534
4773771141247947081,986671,1490044531
-8505799905409658739,986671,1490044560
-3922256142498674524,987345,1490044563
-4389675471861274686,987572,1490044560
8603443672856331734,986652,1490044561
8147959765001095898,987204,1490044566
4207004625628028749,961664,1490044553
2987097241628431656,985291,1490044563
4686713498180573516,985107,1490044519
-2576125424551417407,985107,1490044549
4456697760900270822,985845,1490044540
-1357923420335433134,915338,1490044532
-5661088802965271540,976583,1490044558
-9114493667898972989,987466,1490044565
5812827561916830606,987466,1490044545
-7611989280908131050,987466,1490044567
1485475261706759360,987583,1490044536
7633451551351931024,987583,1490044529
-7217059367219206517,987583,1490044508
4811642528350860785,987331,1490044521
-9045184514548582834,987685,1490044523
-6724354105402201581,987685,1490044515
-2826966763099185195,987685,1490044535
-8582518613889246706,987685,1490044545
6495738043506779608,984802,1490044538
-4143851378414682970,979550,1490044547
5654927300043734184,986978,1490044535
6903811530675263857,986978,1490044533
-6210019645541181788,986978,1490044553
-6817639634576574978,986978,1490044541
6935025185486654253,986978,1490044565
3950639947058539320,986978,1490044549
-7777204437722327406,986978,1490044538
-1586884126333783342,914814,1490044539
-4186379342478873035,157632,1490044555
5042577783437389215,985452,1490044558
4567221670878423050,985452,1490044526
4055813070771416257,986928,1490044540
-4186379342478873035,157633,1490044528
2403254089889655294,985194,1490044538
-4203850738329969083,985194,1490044518
-8114302996804726199,984433,1490044512
8993782477007859859,426271,1490044505
462769060351553344,987638,1490044519
-2341731633870667394,987638,1490044533
8347087426475664878,987638,1490044536
3958148363342829318,987638,1490044511
-5141562275764520323,987638,1490044566
4329210003226640727,987638,1490044517
1142645237613648590,987638,1490044554
1751448527530986018,987638,1490044545
-3481264608382690146,987638,1490044553
3334825704281454054,987673,1490044519
-5283477044479992785,987673,1490044512
-4782043979926028141,340943,1490044552
-7439814845052874472,987571,1490044552
-968257169128744656,987455,1490044530
-5708248251666338138,950972,1490044529
-7713358130128808472,982033,1490044552
-6358224672497968314,987608,1490044544
5245918521245926589,987236,1490044527
-3465712419881958974,987236,1490044532
2423934026069472629,987236,1490044548
-734475538503495722,987236,1490044533
-2865796054260787105,987504,1490044532
-1084037115208838947,987504,1490044549
4462459969756322857,987504,1490044548
-5160912082078558195,986955,1490044538
-349692518308541081,987079,1490044550
-8589315273673511471,987543,1490044555
-5285085430525347092,987543,1490044563
3150912327723815251,987543,1490044522
3782846530806025676,987543,1490044541
-5378122032621549150,987543,1490044563
-3824047897641794615,987543,1490044548
3039141252045149918,987543,1490044531
528534723514054093,987629,1490044566
-7959655391887058038,987629,1490044564
-6210019645541181788,987629,1490044547
5897496654247748266,987629,1490044567
3334825704281454054,987629,1490044565
8347087426475664878,987629,1490044554
1477207046340496544,987629,1490044511
8439295269421808901,987629,1490044556
1289358967610600010,987629,1490044513
-5194851715583884,987629,1490044526
-5495737114133023553,987629,1490044566
5356347489237892118,987597,1490044519
-8688711751149974714,982240,1490044537
8007758765126636241,984462,1490044553
-7995499823651083103,983962,1490044547
8411448876170524965,983794,1490044525
-7577628157443415146,983794,1490044526
4068996718186485837,942456,1490044526
-7863714572070936357,987632,1490044546
3296948832446356916,987632,1490044544
-7067961332161033941,987632,1490044560
5754727936140867785,987632,1490044550
7543706090373241601,987632,1490044561
-1265028960418223416,987632,1490044533
-829236182874281493,987632,1490044528
26469500341538261,987632,1490044518
-509347172505264243,987632,1490044555
-8058503005989343454,987778,1490044535
-1797950493761630553,987778,1490044520
-4916953484673712367,987778,1490044511
-5208624718014016106,987778,1490044529
7692892465026333099,987778,1490044522
-5331563503235866717,987778,1490044548
-5818966852408945556,883047,1490044528
5788455060462466460,345286,1490044543
-8246535819605953340,987710,1490044549
-6595940659304966921,987710,1490044520
2255976535163891138,987710,1490044555
5173252604190305684,987710,1490044559
-1986777584340605290,987710,1490044521
-7590297951142615157,987727,1490044510
-5123449744725517718,987727,1490044557
4647544199313718387,987727,1490044565
7360065479220944128,987727,1490044566
-6067090781005000644,987727,1490044533
3170246444322430957,987530,1490044539
6009193701678305976,987530,1490044565
-1762678564812337498,987795,1490044540
-7767193473842229333,987795,1490044510
3348128135924816805,987795,1490044542
2935085316674830153,987795,1490044567
2079026741864016157,987795,1490044547
5278858862793566559,987795,1490044518
5476829765417754339,987795,1490044554
3083250030453819087,987795,1490044555
-5773455343514991677,987795,1490044509
605888884389692167,987795,1490044525
5249057464296737897,987795,1490044517
-7677719161240088542,987795,1490044560
7271187941528282522,987795,1490044552
6906439626665995247,987795,1490044510
-3717184017820573656,987795,1490044559
182138746957650219,987795,1490044554
8289026308708422749,987795,1490044509
-7323971496040391727,987795,1490044544
-8250721226319590733,987795,1490044554
278109925036148615,987795,1490044558
-8686112537677264617,987795,1490044538
-8972304127218318031,987795,1490044564
7016731701868579405,987795,1490044535
-5592377010042495191,987795,1490044566
8651086076578764620,987795,1490044552
-4112452158580482622,987795,1490044555
-8067920484491830668,987795,1490044518
8173108353464722841,987795,1490044522
740991312632837103,987795,1490044516
-1761042344233539181,987795,1490044561
-1313004907489795895,987795,1490044534
-4964261364040931353,987795,1490044528
3078403395592317424,987795,1490044532
4711493558071399707,987795,1490044526
-32786371226553775,987795,1490044538
-3353895947569816911,987795,1490044564
2868822443104220670,987795,1490044539
2638693596418588980,987795,1490044550
-3749408025586492864,987795,1490044567
-6463670857574709990,987795,1490044533
7242018992695411764,987795,1490044519
1380751386995688806,987795,1490044553
-8335902259403452150,987795,1490044539
-3588929722392544716,987795,1490044520
6834566223450585240,987795,1490044554
-1081986212947550344,987795,1490044538
-156820347297577041,987795,1490044520
8296888121744349501,987795,1490044552
7151923691865883939,987795,1490044525
-1992127005536200315,987795,1490044540
7103845394403046567,987795,1490044548
-6703333341633143387,987795,1490044545
7120189171271526782,987795,1490044554
7197235131881925300,987795,1490044530
6754337630582357841,987795,1490044559
4923617721028560712,987795,1490044549
7066621692182458808,987795,1490044548
3745540799941522316,987795,1490044545
-100152923000766896,987795,1490044543
1670941536780133904,987795,1490044539
2125457298095727764,987795,1490044551
786649182709354204,987795,1490044509
-5294193284553077208,987795,1490044553
-4977406580372278667,987795,1490044543
941772389167522828,987795,1490044566
2450415183991172791,987795,1490044552
2444387681807520720,987795,1490044552
6551665429741691587,987795,1490044543
-9119460007817910075,987795,1490044526
-6135878969983933168,987795,1490044561
2370879733702951105,987795,1490044526
703558996366505333,987795,1490044544
-2189621623797229119,987795,1490044543
7276115063034708901,987795,1490044513
1796315558130143872,987795,1490044536
-502297404767276785,987795,1490044548
-4715031544799851720,987795,1490044515
-5160029593879800243,987795,1490044537
2007636206258827941,987795,1490044527
3412464510622151791,987795,1490044541
-6430735793229118526,987795,1490044564
-8923162978625108586,987795,1490044554
-3541975687604724918,987795,1490044526
1056661845865177293,987795,1490044515
-7140739355114864501,987795,1490044560
-1726031653832753321,417807,1490044558
980677373761972507,422651,1490044537
-8357785739503047056,987465,1490044549
-1460978562756882827,987449,1490044530
8347087426475664878,987449,1490044543
5812827561916830606,987449,1490044527
-7843983947824282463,987449,1490044533
-6504651567315125825,987449,1490044513
-7411611723946405480,987725,1490044545
-184940445898097473,987725,1490044518
6578731215056380607,987725,1490044515
2856735629739557403,987725,1490044516
-7780515707733865456,987725,1490044519
7540487615464888817,987725,1490044533
7481944451876589410,987725,1490044557
-985544126688054579,158574,1490044542
8072995094548175114,987217,1490044547
-3465712419881958974,987217,1490044549
-7213464391473039056,987720,1490044564
-1246258646236903948,987720,1490044542
1870055082820078903,987720,1490044533
630433254516500839,987720,1490044519
8838585464896817485,987720,1490044547
-4508461463985266087,987720,1490044534
-4710083714919088897,987770,1490044528
7466463538652620875,987186,1490044506
4873370176978269813,985000,1490044536
5844322117201129522,345041,1490044514
-742222797602350279,986802,1490044555
4773771141247947081,986802,1490044514
-1963113568854055982,987268,1490044517
-5591722808510765269,986690,1490044536
-7212972463338707893,986690,1490044563
-2023265111736813092,987581,1490044512
6780940267149493519,987581,1490044566
8710373334561492472,987581,1490044547
-1863149285165577587,980874,1490044511
-2516482046125624234,987568,1490044514
6009193701678305976,987568,1490044565
76387751429127270,987568,1490044564
3170246444322430957,987568,1490044539
8037742897841957071,987568,1490044562
6935551234908100955,987707,1490044563
6156480259534879522,987707,1490044538
5226705733764044910,987707,1490044562
-6287102597161364073,987707,1490044548
6600187643438980076,987707,1490044523
-3011085540845993925,987707,1490044520
-4377565972172122052,987707,1490044529
844053418910034475,987707,1490044517
6642003930183207853,987707,1490044509
2990098388208283499,987707,1490044556
5947265601555270113,987707,1490044558
7047672831099620356,987707,1490044530
7070589444770021846,987707,1490044546
2500555406825302479,987707,1490044521
1422342418101184161,987707,1490044512
683592430500672813,987707,1490044517
6321510875799621904,987707,1490044550
4869127787998595189,987707,1490044564
2785042202093654096,987707,1490044520
4725285555673375707,987707,1490044511
7198708472530304077,987707,1490044536
2063965805687569143,987707,1490044519
-8786012720582987746,987707,1490044563
7111281277040796909,987707,1490044555
-5094957935776697092,987707,1490044520
-5875151456687268217,987707,1490044551
8546165064494094255,987707,1490044537
-8298292869145199671,987707,1490044516
5217854403309296177,987707,1490044521
-6471534517765503627,987707,1490044510
-7357596858222003433,987707,1490044516
7948948637773367178,987707,1490044512
2403254089889655294,987707,1490044528
-7445950188259124347,987707,1490044541
-7452907664892941997,987707,1490044514
-137497108910449281,987707,1490044564
-4844269443231023129,987707,1490044512
-4137634519524660670,987707,1490044522
8688757521369400586,987707,1490044544
-713279894363048634,987707,1490044544
-3436362166486751806,987707,1490044519
-6388854688909420232,987707,1490044518
1856939148274163800,987707,1490044565
-9170915771669136897,987707,1490044544
-5888573200799461229,987707,1490044557
5532937365342104266,987707,1490044513
-474688229658368845,987707,1490044541
-7486603534969052986,987707,1490044511
4913401914579552537,987707,1490044530
-6734384787078521566,987707,1490044515
640692026104905500,987707,1490044511
8422775191372564538,987707,1490044514
-2685745828678793991,987707,1490044529
7031503146964084306,987707,1490044538
719156243556723060,987707,1490044512
2363050185126579251,987707,1490044532
3334991403642889736,987707,1490044512
-1096711111658098468,987707,1490044521
-7784769113691347089,987707,1490044534
-1271423742472066561,987707,1490044510
3829765864477024740,987707,1490044560
5024366507882649235,987707,1490044550
6531161628230279322,987707,1490044545
6540163846215211122,987707,1490044564
8996842020144817844,987707,1490044545
7626377800952576160,987707,1490044521
-6875797004691182979,987707,1490044519
-5397219410077876060,987707,1490044558
-2812217887394133394,987707,1490044558
-8058864483403554419,987707,1490044508
5692971606538656574,987707,1490044512
3444278992660169618,987707,1490044561
-6337684014815710689,987707,1490044514
-43379085791352952,987707,1490044540
6624047897265742532,987707,1490044522
3495542337451728131,987707,1490044515
-3227558190661758110,987707,1490044542
-8609195010667843814,987707,1490044557
4152856907915511883,987707,1490044526
7109878715946159635,987707,1490044543
4775664233347503672,987707,1490044542
4204652339244957837,987707,1490044551
3547703976957941991,987707,1490044543
-5886894670611751786,987689,1490044561
-7514377655631232285,987505,1490044563
-6979925075174808553,983128,1490044564
2214245030388458134,986788,1490044563
-3123177723947190648,411038,1490044539
3837469698455850413,987641,1490044522
4353327037502442327,987692,1490044512
-4695449588395591106,987692,1490044514
2859373694304497478,971952,1490044543
2784584606770923751,987716,1490044552
-4390331455880243075,987716,1490044560
2255976535163891138,987716,1490044539
-8451969475925111391,987716,1490044517
-4945940415671158564,987716,1490044547
-7998463274428223122,987206,1490044561
5943192381650668528,987206,1490044558
6019308126503423844,987206,1490044566
-6847739004898085612,987206,1490044524
9003671965677211790,987206,1490044510
-9125864190961412359,987206,1490044560
5483164556661090810,987206,1490044555
-4358149272217701691,987206,1490044553
-7255432174467119512,987206,1490044565
6245643271682163317,987206,1490044528
-7514377655631232285,987494,1490044512
-4389675471861274686,987494,1490044561
-7554987551418169475,986682,1490044510
9096584738790145274,986682,1490044516
659193851704564942,986682,1490044550
6916593494766622763,986682,1490044509
-2286128733845997498,986682,1490044523
-4113513113865670455,986682,1490044518
-3015365193615805278,986857,1490044542
8626918905912024897,950903,1490044562
2610971869167886714,986927,1490044561
-8061057646157549728,987327,1490044553
-389208254406867083,987096,1490044555
7914585978356783073,940185,1490044543
-3209296545981780096,987231,1490044537
-6724354105402201581,987677,1490044564
-4818315622461636579,985928,1490044539
1420494771736988306,981765,1490044528
-3107034058240118194,985789,1490044549
6465358726039877241,985789,1490044568
1912055329642568803,987726,1490044524
-1694143307118918124,987726,1490044560
2965552054240962744,987726,1490044547
2074196902675150310,987726,1490044550
-4990068125613451639,987726,1490044567
-8665465332026495539,987726,1490044548
6183207048743971728,987218,1490044521
-8575949407613229159,987733,1490044516
3501412079546343663,987733,1490044535
8641644765432331323,987733,1490044547
7711511569405852005,987733,1490044513
1870055082820078903,987733,1490044545
8838585464896817485,987733,1490044554
1292881969402435891,974441,1490044523
3783531033291109625,974441,1490044549
2640596822110157316,987651,1490044547
8189436540643832880,987651,1490044532
-4415817850455542093,987651,1490044514
3914349137552032380,987651,1490044543
-1790361050939585073,987651,1490044512
-332153346753237502,987651,1490044548
2812793907497512335,987651,1490044535
7187216509621820068,986130,1490044510
1534110526788838867,986765,1490044531
-8329901639041854848,987611,1490044561
-4541286188550831139,987611,1490044559
-571709916972116875,939611,1490044544
7706594306198128948,987470,1490044554
-2865796054260787105,987589,1490044528
4046703042542416267,987589,1490044516
4168102197840919358,987589,1490044527
265869349621887430,987589,1490044509
6909769498889127141,987760,1490044560
-8510744124743758098,987624,1490044517
-6067090781005000644,987729,1490044533
-5123449744725517718,987729,1490044522
6578731215056380607,987729,1490044563
9083390989730705159,987729,1490044530
-7411611723946405480,987729,1490044545
7540487615464888817,987729,1490044543
-184940445898097473,987729,1490044518
-316627446965167570,413317,1490044520
5398864507410864199,345305,1490044558
5676399812648685048,945144,1490044523
-7296704402556518610,987370,1490044525
-4420435095391942872,987418,1490044541
7324020261742888959,987418,1490044562
5296307939451582055,987418,1490044524
-6054495158040095811,987418,1490044531
-3293244879871226330,987418,1490044554
3074356394255811965,987418,1490044543
5522013739873367278,987418,1490044567
-4113375666113817164,987156,1490044531
-4908345747556639187,104937,1490044559
5812827561916830606,987460,1490044560
-1903434663308026220,987119,1490044560
-3461431056613261342,987119,1490044523
6840025799931185553,987119,1490044560
-5176223818474771052,984909,1490044563
-3016515537356967994,984909,1490044525
8293047118652479259,984909,1490044557
5939182823452058822,986231,1490044546
2704310607303252046,986231,1490044534
7512235092778246375,987529,1490044568
-3305103865776599613,987491,1490044561
1607655972071360919,987491,1490044537
1536885752477627797,987491,1490044510
1968108792502844303,987491,1490044542
-8410054062565385947,987491,1490044532
-3164410745782847788,987491,1490044538
878617458512502167,987491,1490044558
5509985160572822381,987491,1490044518
9186018631150508742,987730,1490044515
1870055082820078903,987730,1490044545
8838585464896817485,987730,1490044554
7711511569405852005,987730,1490044511
-1246258646236903948,987730,1490044542
3328291289010018934,986848,1490044536
1019666941698749482,983270,1490044559
1642415899585639377,987467,1490044552
-8527905745886793941,987467,1490044568
4860138178315508623,987467,1490044558
-5583392584668663910,987639,1490044532
3837469698455850413,987639,1490044531
7051019865289019057,987639,1490044556
-4782043979926028141,340940,1490044551
-1437893831225508045,987628,1490044509
4031307960460474731,987628,1490044519
-3491277615197469969,987628,1490044544
4297112742148159486,413505,1490044534
-8828407598695783138,987621,1490044529
399523967597383107,987621,1490044544
5433438331036691600,987621,1490044551
-7793183144948895862,987756,1490044525
-1694143307118918124,987756,1490044529
4928899554948391308,987756,1490044555
5409015289312698061,982961,1490044544
2341490924098129182,987788,1490044545
6627297945015676119,987788,1490044518
4137732937892346205,987788,1490044524
-5635182967468622025,987788,1490044538
5919103909121174500,987788,1490044548
4829316455775236099,987788,1490044548
8703567215923770513,987788,1490044555
4909227098213776518,987788,1490044555
653185183234163436,987788,1490044566
8547381234048120592,987788,1490044527
-4718756949400834703,987788,1490044514
-8356940317695553446,987788,1490044550
-1731650313758863508,987788,1490044524
4300210014834735855,987788,1490044544
4490312286855606150,987788,1490044560
7168248846517878147,987788,1490044552
-2963317313237235351,987758,1490044550
-8301771106146895501,987758,1490044510
3950639947058539320,987758,1490044546
8047126509444850568,987758,1490044559
-8502177541247283972,987758,1490044565
-731499256324835186,987758,1490044511
-2604507451561467398,987758,1490044566
-6088904269777387970,987758,1490044516
-6547649936081074015,987758,1490044537
6653755909713837100,987758,1490044557
2673709833227466962,987758,1490044539
-2160182867168280871,987758,1490044553
3382897969287269394,987758,1490044566
-3929722172573515336,987758,1490044522
476372116515652499,987758,1490044521
-1852729657264621863,987758,1490044531
-4762780240927634681,987758,1490044521
3265858113155264314,987758,1490044535
-6833570441215532241,987758,1490044513
-4640422883829444761,987758,1490044568
-1186450647583456834,987758,1490044546
-5612589483220677107,987758,1490044530
9111116533352329650,987758,1490044513
2433855159579520200,987758,1490044567
1575843627985397780,987758,1490044540
-8749166810929525116,987758,1490044562
-3299083283100442507,987758,1490044542
2917924586945970503,987758,1490044542
-344372325230852061,987758,1490044542
8612033636838555130,987758,1490044547
-866198262935978678,987758,1490044549
6179792434662874219,987758,1490044562
3008048295476711803,987758,1490044558
1254706690605635542,987758,1490044543
8749584176028289877,987758,1490044534
-6626364470356493156,987758,1490044562
-2228609452438104264,987758,1490044568
7727013641399926334,987758,1490044566
-6788524529365428959,987758,1490044560
-3797925192067246689,987758,1490044543
5861042518347654718,987758,1490044557
-6216471895658701214,987758,1490044560
-6937802035813425166,987758,1490044512
6083701068379922596,987758,1490044538
-2889887815479220207,987758,1490044561
2291062204935051358,987758,1490044536
8819211936026101464,987758,1490044564
-3164867650617233699,987758,1490044558
-4760955831152467553,987758,1490044547
4840010156535373633,987758,1490044547
-1396322158101659919,987758,1490044534
-5595974527168874994,987758,1490044532
-1240104956719554626,987758,1490044536
4637745768654764225,987758,1490044528
2720166797966553701,987758,1490044516
-8934934261337910447,987758,1490044539
3400999178932953528,987758,1490044567
-520999470761309146,987758,1490044553
-5328963477942508310,987758,1490044516
1179662664373481439,987758,1490044536
-9031055873504828509,987758,1490044567
-8455979083884198700,987758,1490044546
3606525075632262737,987758,1490044518
7311301096961985074,987758,1490044545
-4318241909971452882,987758,1490044527
-4729221194708192079,987758,1490044513
-2009185653036320524,987758,1490044567
-728550540526521265,987758,1490044536
446944487700920191,987758,1490044539
1757645397535134261,987758,1490044511
-2880066698755170121,987758,1490044560
6810145358317564732,987758,1490044561
6635264399331878515,987758,1490044511
2683004706333517306,987758,1490044557
-4999953521488837049,987758,1490044563
-1362046040429703257,987758,1490044544
2677376642147171411,987758,1490044515
-6359647902048286336,987758,1490044523
1587813945777245382,987758,1490044528
-6384624005450305227,987758,1490044553
4661829226895759578,987758,1490044567
2217486162147023269,987758,1490044563
5615830015923189455,987758,1490044553
7145277124501027743,987758,1490044546
-4379565275705955797,987758,1490044529
6522335762322655939,987758,1490044534
2537731267841340904,987758,1490044519
-5573541992001952310,987758,1490044551
-7673090229690187074,987758,1490044555
2402941092956229112,987758,1490044537
5698636827123760040,987758,1490044529
4667921979471615109,987758,1490044521
-9035759096721331298,987758,1490044515
-7837757619294914134,987758,1490044554
-6796029045041186197,987758,1490044523
-6770916703048357393,987758,1490044541
-1055814966286672394,987758,1490044563
7570956377196376667,987758,1490044563
2334585305720312096,987758,1490044547
-958840437438647578,987758,1490044539
4673859341921258663,987758,1490044525
2254036483138520051,987758,1490044540
-7608508949369939971,987758,1490044509
1624371565701635561,987758,1490044541
-6603566642264888848,987758,1490044541
9173510007261921410,987758,1490044552
191507112224553219,987758,1490044536
-3329030668769777373,987758,1490044544
6499398258002571856,987758,1490044520
-2778623155954052892,987758,1490044559
-4180723420815132197,987758,1490044551
7402868732229598423,987758,1490044562
8068685725788158071,987758,1490044553
-9195240861101132864,987758,1490044519
-351554198486077483,987758,1490044534
138853064473095849,987758,1490044523
3319037695530222043,987758,1490044542
-7589902355598208013,987758,1490044542
-7565470333899903453,987758,1490044557
-7114143200838266331,987758,1490044561
-6379319914027320952,987758,1490044518
4356299009924963108,987758,1490044513
2498187050461015078,987758,1490044559
1261237487807753726,987758,1490044544
-2839359952140174070,987758,1490044519
-112942235799472732,987758,1490044514
-7159083955057708361,987758,1490044537
-832280891226944034,987758,1490044567
630433254516500839,987758,1490044542
-5030870999265550884,987758,1490044525
-7561224797160823010,987758,1490044567
-5769781733595177296,987758,1490044541
-2965720794854773240,987758,1490044530
-4712091837606920535,987758,1490044527
-6981520484757809705,987758,1490044513
7600634938225957435,987758,1490044539
-5516839195954191036,987758,1490044514
-8404455982069638205,987758,1490044550
-5853470855365843273,987758,1490044547
-5530086212088742496,987758,1490044509
6341274208688513531,987758,1490044521
-494800882627131966,987758,1490044527
9021425818072123650,987758,1490044551
-1551103306444711868,987758,1490044565
-169375825245305169,987758,1490044562
-3115004585240593819,987758,1490044561
5951910613584035925,987758,1490044521
-5855395890942166623,987758,1490044530
-1502920124894644136,987758,1490044558
2920993209800007894,987758,1490044526
8774102084293406674,987758,1490044568
-3811522317965536650,987758,1490044540
-1516456156576839502,987758,1490044543
1643684280343471458,987758,1490044548
3559908702916483483,987758,1490044542
2257802816456932264,987758,1490044550
-2418191867220528006,987758,1490044549
5104146333986683380,987758,1490044509
3309086361079690693,987758,1490044545
4370091086709342235,987758,1490044528
9157134659648636335,987758,1490044564
422683152604210484,987758,1490044556
-1300553719265936038,987758,1490044559
-303531614896813569,987758,1490044532
-6434371677473473157,987758,1490044558
7013611923104650056,987758,1490044568
-5578987802284796244,987758,1490044524
5023757559374080244,987758,1490044558
-6385801545066038196,987758,1490044542
-5497427529958443,987758,1490044544
-7871973900982222866,987758,1490044515
1566594878760170682,987758,1490044551
-1133837514251972298,987758,1490044539
6195818387581220037,987758,1490044551
-9167968740598715970,987758,1490044522
341219786385060415,987758,1490044524
-5169499277775485457,987758,1490044518
-7063645785190813626,987758,1490044542
-7474829009452205305,987758,1490044536
3934924053490537603,987758,1490044509
-7214362387314140760,987758,1490044545
494618905171360173,987758,1490044540
-3744559711190729432,987758,1490044536
-4846492814792780908,987758,1490044523
9110777959264692050,987758,1490044526
-5506108777182191260,987758,1490044514
-5071548581169671688,987758,1490044554
-9147254692632516114,987758,1490044519
2976708037427733054,987758,1490044551
4207233555745199947,987758,1490044565
-8067229944295343043,987758,1490044521
-8880917942872040006,987758,1490044517
9061100871195190374,987758,1490044515
-6431304804646962354,987758,1490044536
-4131374110955371228,987758,1490044544
4681496556820517073,987758,1490044546
8639281100425321378,987758,1490044536
428832316900598517,987758,1490044561
2593665663336780485,987758,1490044563
7629583090023401140,987758,1490044547
5812827561916830606,987412,1490044517
-4873353263257153884,987412,1490044517
4935237332864084292,987069,1490044533
4866440064212757530,987565,1490044522
7447940798692412707,987666,1490044558
4811642528350860785,987329,1490044555
-446984300122090666,983476,1490044527
-274222207172131543,987657,1490044536
-1645655315055767026,987765,1490044509
4963476973918536974,987765,1490044553
7692892465026333099,987765,1490044545
-7372063068782366743,987765,1490044542
-4916953484673712367,987765,1490044547
-5967633722840799599,987765,1490044531
7763916367556541780,987622,1490044551
3374995992773010728,987549,1490044525
-2509446049328684201,987334,1490044517
-6824111261727818828,987334,1490044521
1019666941698749482,987334,1490044554
1168355991450247091,987334,1490044545
-8105051452901761757,987334,1490044553
305022961376203640,987334,1490044529
-8934934261337910447,987334,1490044563
6948576050529538552,987334,1490044528
5932027917507464832,987334,1490044530
1939795306156161097,987334,1490044528
7620203561323161831,987334,1490044563
3265858113155264314,987334,1490044538
-6814639374752004992,987334,1490044520
-8828407598695783138,987334,1490044529
-6955788822332715331,987334,1490044558
-8725485791529536450,987334,1490044541
1324730668811771897,987334,1490044511
-8400487073710028081,987334,1490044517
5788455060462466460,345282,1490044551
464845857802220768,987719,1490044531
5286313212969793278,987719,1490044538
8219748580630948296,987719,1490044565
-4945940415671158564,987719,1490044547
-4390331455880243075,987719,1490044537
8403684094332449893,987719,1490044541
2255976535163891138,987719,1490044523
-8451969475925111391,987719,1490044516
2640314725682107526,987719,1490044547
8914287668231249518,987719,1490044550
9023361602627121369,987719,1490044510
3464573625484376462,987719,1490044517
-2641821801253738714,987719,1490044531
8417638234813927779,987719,1490044548
5094756281709785833,987719,1490044529
9094221747318815862,987719,1490044541
2653844426278091862,987719,1490044535
2465311627180655850,987719,1490044559
1172579835221283418,987719,1490044557
-3187693403112822579,987719,1490044522
-6839357367753496044,987719,1490044562
-518098810342164803,984782,1490044563
-6493405060756680760,987522,1490044524
-8141084611264237341,987522,1490044553
-7710535041390792005,987522,1490044548
1274900361602239394,987522,1490044521
9096584738790145274,987522,1490044539
-1424775646151371002,987522,1490044567
3074356394255811965,987522,1490044520
-3293244879871226330,987522,1490044513
7264269002941218323,985277,1490044525
1341600126743290497,987281,1490044532
5107899727735343425,987281,1490044556
5461339227126505558,983080,1490044531
2704310607303252046,984034,1490044525
5939182823452058822,984034,1490044534
-3015365193615805278,984034,1490044564
2704310607303252046,986703,1490044506
-3015365193615805278,986703,1490044564
5939182823452058822,986703,1490044515
8036932494475978288,911582,1490044528
-4500168061521359380,941704,1490044522
157728440054012413,401066,1490044515
7512235092778246375,987540,1490044559
-7283815318823409869,968826,1490044555
4960205416564926084,987421,1490044538
5812827561916830606,987421,1490044552
-9114493667898972989,987421,1490044565
-7577628157443415146,985702,1490044526
5812827561916830606,987482,1490044530
-1460978562756882827,987482,1490044530
1324670754665495481,987482,1490044526
4568694159853465167,987223,1490044525
-6847739004898085612,987223,1490044533
3480921140587705239,987223,1490044569
-7970613666197261726,986608,1490044556
7103456772236962901,987578,1490044516
4031307960460474731,987578,1490044534
1028954625741250581,987578,1490044538
-2199505629668698691,987578,1490044562
4902068289682372476,987578,1490044553
-175472574170360500,981936,1490044566
-5160912082078558195,986287,1490044548
-6915748879363920016,987551,1490044525
4518171350333088619,987551,1490044553
-2865796054260787105,987551,1490044532
-5633882104320807379,987551,1490044521
5028713621480320522,987406,1490044516
7610694159608011690,987406,1490044568
-7552377363479331349,987406,1490044547
-6724354105402201581,987676,1490044553
1422342418101184161,987538,1490044564
-4203850738329969083,987538,1490044510
844053418910034475,987538,1490044569
2344370356394801468,987538,1490044512
-4377565972172122052,987538,1490044539
2403254089889655294,987538,1490044532
7047672831099620356,987538,1490044539
-8298292869145199671,987538,1490044535
1751448527530986018,987708,1490044545
2954866950309505736,987744,1490044545
6909769498889127141,987744,1490044541
-4786854978827449726,987744,1490044535
-7480505594554134041,987744,1490044536
4271557365045619489,986510,1490044528
5844322117201129522,345042,1490044556
7512235092778246375,987541,1490044554
8072995094548175114,986579,1490044547
-197579330589282127,417107,1490044537
-5789036385164557609,972647,1490044539
-2352973859638214420,985523,1490044526
-349692518308541081,987080,1490044550
-4990068125613451639,987743,1490044567
-8665465332026495539,987743,1490044548
-1694143307118918124,987743,1490044551
6859316843560333594,987588,1490044569
-3775728278729962428,987152,1490044555
-4113375666113817164,987152,1490044531
4455742075533675296,987665,1490044553
-5886894670611751786,987665,1490044538
-3021615797015787045,987665,1490044551
3958148363342829318,987665,1490044518
-2703642270606945651,987665,1490044525
7898692674331091230,987665,1490044529
7512235092778246375,987535,1490044523
4222398336580036466,985183,1490044539
-4555158546526090244,985440,1490044542
7845783126385547916,985440,1490044562
-945641472627735249,948747,1490044523
-133798198547473922,982743,1490044536
-6373498327056168796,987428,1490044519
-7238925737542679834,987428,1490044561
6848185388407317263,987599,1490044551
6273667139961201067,987599,1490044524
6903811530675263857,987599,1490044537
2505330674517102861,987599,1490044528
5489750372100811391,986675,1490044564
6694329507516133746,986675,1490044535
844053418910034475,986675,1490044542
2063965805687569143,986675,1490044544
-8298292869145199671,986675,1490044535
1422342418101184161,986675,1490044525
4686563139305068377,986675,1490044512
-1071533151686659419,986675,1490044516
7047672831099620356,986675,1490044539
-6287102597161364073,986675,1490044554
2785042202093654096,986675,1490044526
-4377565972172122052,986675,1490044536
2990098388208283499,986675,1490044560
2403254089889655294,986675,1490044530
5947265601555270113,986675,1490044558
-9155369231987235179,986675,1490044544
4725285555673375707,986675,1490044511
683592430500672813,986675,1490044517
6600187643438980076,986675,1490044523
-5875151456687268217,986675,1490044551
2156055264604459281,986675,1490044526
-3011085540845993925,986675,1490044520
4696681369362457630,986675,1490044519
-1460978562756882827,987473,1490044520
5812827561916830606,987473,1490044523
-332153346753237502,987735,1490044531
4686563139305068377,987735,1490044527
2677097515475126787,987392,1490044529
6859316843560333594,987594,1490044559
5356347489237892118,987594,1490044533
9062646137846167019,987774,1490044541
4963476973918536974,987774,1490044563
5119056324682532801,987774,1490044524
1516026006189127913,987774,1490044549
788235744127317462,985122,1490044561
-3733871621946058276,987471,1490044529
-9114493667898972989,987471,1490044522
6969677539161309911,987471,1490044530
8812278064044045037,987471,1490044537
5812827561916830606,987471,1490044532
-826498532605390528,987471,1490044556
-4525032254579329661,987471,1490044513
3696463658026520107,987471,1490044527
2021468666936826264,987471,1490044519
-2545625748186515974,987471,1490044511
1716761870944241121,340168,1490044530
-514834075772197631,982461,1490044536
3127111224329987538,987582,1490044537
-5472762419315643574,987582,1490044534
-1373417992478620275,987582,1490044549
-4565522661697719769,987582,1490044549
-1746709063281113374,987582,1490044561
-3832855296179254281,987582,1490044521
-4739505390285233875,987582,1490044563
6702853392497039677,987582,1490044533
6991092681435345141,985517,1490044530
6173884859701115019,987131,1490044550
-6120809591669564068,987131,1490044544
2683004706333517306,419303,1490044513
-8075176996370279833,339317,1490044549
4811642528350860785,987330,1490044555
6836142162521555011,986167,1490044532
7264269002941218323,985296,1490044517
-5065432037272899035,987397,1490044531
5356347489237892118,987521,1490044511
-1265402107026924445,987521,1490044567
-4657646340579593615,987521,1490044542
-4133001333397889835,987521,1490044554
3082767377976175404,987521,1490044565
-8688711751149974714,987271,1490044557
5677015523685264749,987271,1490044564
7185845062832295593,985303,1490044543
-6341542509850000514,984752,1490044555
3606525075632262737,974307,1490044515
-6915748879363920016,987484,1490044529
-8886143644649451225,986946,1490044534
-5160912082078558195,986946,1490044548
-826683280597664388,986946,1490044568
1031815158025861529,986946,1490044527
127977444074206925,986946,1490044543
9147046194372498307,987699,1490044537
5255557000079195827,987699,1490044558
6009248582436482912,987699,1490044551
-2996155408054209642,987699,1490044530
6000549880498659203,987699,1490044526
-4472517483347251143,987699,1490044569
-4044011595243453029,987699,1490044551
-2122795827668113662,987699,1490044510
-8894700462292577336,987699,1490044567
-4447502333871541329,987699,1490044510
4442847184038327020,987699,1490044531
1649442842680038221,987699,1490044539
-7139242351628041596,987699,1490044519
-2023265111736813092,987653,1490044523
-4262243975502644096,976915,1490044560
2159753277808712733,987559,1490044519
4866440064212757530,987559,1490044552
-344372325230852061,987559,1490044547
7350809502349067991,987559,1490044549
6991092681435345141,985964,1490044511
-7590297951142615157,987728,1490044512
-5123449744725517718,987728,1490044557
-6841344217652583476,987728,1490044530
8141060398913065787,985240,1490044530
6585209583054697113,987111,1490044519
-6188681611708177555,987111,1490044564
-3567881461298311818,987111,1490044551
2159753277808712733,987564,1490044525
-8357785739503047056,987564,1490044514
8668918178688112127,987516,1490044551
-7312091384874996577,987516,1490044565
5522013739873367278,987516,1490044526
-3840027357057250254,987516,1490044542
-5859359829922091605,987516,1490044522
-8589315273673511471,987516,1490044555
-4727759685698068192,344870,1490044515
7592472814356201818,985025,1490044512
-8978354453784057157,417588,1490044551
4271557365045619489,986225,1490044528
-2244546459301894110,69692,1490044521
-81081292603468525,987472,1490044549
-7611989280908131050,987472,1490044567
-9114493667898972989,987472,1490044562
5812827561916830606,987472,1490044542
7284513896128500248,987472,1490044561
1716818259460030931,987440,1490044511
5788455060462466460,345280,1490044551
-1186450647583456834,980541,1490044551
298010274421326218,987462,1490044546
5812827561916830606,987462,1490044554
-9114493667898972989,987462,1490044570
-316444578848614494,987462,1490044563
-6815475688473884919,987462,1490044538
-2239337931609891040,986967,1490044545
3501412079546343663,987736,1490044536
8641644765432331323,987736,1490044547
8838585464896817485,987736,1490044569
-4710083714919088897,987773,1490044528
1516026006189127913,987773,1490044549
9062646137846167019,987773,1490044526
5119056324682532801,987773,1490044524
4963476973918536974,987773,1490044561
-1645655315055767026,987773,1490044556
4208030343507547960,986725,1490044543
-6422437116107390950,971450,1490044515
8140687742406899165,971450,1490044550
6268137441164654703,971450,1490044539
2677097515475126787,971450,1490044535
3189139074526654223,971450,1490044561
-4084306524454043462,986142,1490044521
-6278662231851035701,986142,1490044521
-520999470761309146,986142,1490044559
8693472695383934670,986073,1490044532
3714699732336533191,893067,1490044560
-5546806784282711319,987461,1490044557
9156962476488532769,987461,1490044564
6991092681435345141,985290,1490044530
-5283477044479992785,987686,1490044512
-2199505629668698691,987686,1490044562
6371207806226009466,987686,1490044551
4984107830498985104,987686,1490044556
8181112085107314752,987686,1490044513
-6308951096293604078,987686,1490044515
-8194978062623410670,987686,1490044570
5970837751833238319,987686,1490044566
-8246535819605953340,987686,1490044549
-8489193598282139158,987686,1490044542
2482356243547785053,940900,1490044564
406547681298188486,987517,1490044564
2587955063374643531,987517,1490044517
-3491988581393728097,987517,1490044547
4341880278935195020,987517,1490044529
-5583392584668663910,987318,1490044534
4068996718186485837,942350,1490044526
5844322117201129522,345044,1490044556
-7918069455089132233,987262,1490044512
6991092681435345141,985677,1490044514
-7514377655631232285,987514,1490044563
-4657646340579593615,987411,1490044542
-6998079925848919119,971455,1490044529
6868076583753859114,987636,1490044567
-2719922779628884993,987636,1490044542
26469500341538261,987636,1490044518
-9104879747496601408,987636,1490044533
-5240577508935295867,987636,1490044526
-829236182874281493,987636,1490044528
7543706090373241601,987636,1490044561
-5832458911892396062,987636,1490044524
-7067961332161033941,987636,1490044543
-2070496066653789108,987636,1490044542
2364076506723006622,402448,1490044534
1341600126743290497,987269,1490044533
1977873972277357118,987745,1490044551
-4786854978827449726,987745,1490044535
6909769498889127141,987745,1490044531
-8256061380784409823,987745,1490044549
-7480505594554134041,987745,1490044536
-2748864442707796528,987745,1490044535
-7320508090483503828,987745,1490044519
-1446197233309020843,987745,1490044565
7925368889720075119,987745,1490044536
2191589003730457029,987745,1490044549
8716136701493940025,987745,1490044553
-5689394852757381574,987745,1490044536
-5782981933817704264,987478,1490044528
7883345101936575725,985376,1490044564
-7057108688907656393,981868,1490044544
-5708248251666338138,951050,1490044529
-7812260664765929970,987453,1490044529
-5177144274550500413,987453,1490044542
-319618896285801045,987796,1490044536
4727233651007754818,987796,1490044515
-1400131599080310862,987796,1490044531
-6184795372926404499,987796,1490044529
-5660053672680255500,987796,1490044520
4711493558071399707,987796,1490044552
3024164025369857071,987796,1490044512
-1762678564812337498,987796,1490044560
-5773455343514991677,987796,1490044527
-8250721226319590733,987796,1490044563
-7677719161240088542,987796,1490044568
-8067920484491830668,987796,1490044526
5249057464296737897,987796,1490044523
2638693596418588980,987796,1490044555
-1992127005536200315,987796,1490044545
8173108353464722841,987796,1490044526
-137497108910449281,987796,1490044512
-1761042344233539181,987796,1490044561
-3353895947569816911,987796,1490044564
-4267319358747804657,987796,1490044559
5278858862793566559,987796,1490044518
2079026741864016157,987796,1490044548
3083250030453819087,987796,1490044555
-3749408025586492864,987796,1490044567
-3717184017820573656,987796,1490044559
-8972304127218318031,987796,1490044564
5476829765417754339,987796,1490044554
7271187941528282522,987796,1490044552
740991312632837103,987796,1490044516
-5592377010042495191,987796,1490044566
-8923162978625108586,987796,1490044568
-1313004907489795895,987796,1490044534
-3588929722392544716,987796,1490044520
-1759393683453756476,987312,1490044555
-4063156974676426232,984904,1490044538
2007465339673036370,986720,1490044533
7264269002941218323,985301,1490044525
798928909178516997,932800,1490044544
-1852729657264621863,985328,1490044534
-2576125424551417407,985328,1490044556
-4694232255780037986,985328,1490044523
1384681744460763944,876936,1490044522
-8810203052592783359,986753,1490044528
-4600304084544239250,873444,1490044564
4567221670878423050,985581,1490044526
7185845062832295593,984919,1490044516
-5546806784282711319,984919,1490044557
8304762538619737021,343425,1490044532
-8533758794313999711,983037,1490044520
2638693596418588980,987800,1490044534
-7707835851167757961,987800,1490044530
5844322117201129522,345045,1490044540
4613803668428144614,987615,1490044521
1716818259460030931,987445,1490044524
760088051820802295,987445,1490044537
8717687368885971761,987739,1490044559
-6110181623564045757,987739,1490044561
-461043365939110181,987739,1490044550
-5854545939150854400,987739,1490044546
630433254516500839,987739,1490044511
7728491662640767464,987739,1490044528
2805341296655406082,987739,1490044534
8838585464896817485,987739,1490044539
-4195621873973511631,987739,1490044553
4031171313122758690,987739,1490044525
196309627075183669,987739,1490044536
1146470988508032295,987739,1490044511
1912055329642568803,987739,1490044569
-1055814966286672394,987739,1490044559
1675364220890073089,987739,1490044546
5958698209249876724,987739,1490044522
-4303298197432996829,987739,1490044534
-8412516108613805023,987739,1490044541
-1541776979002398486,987739,1490044566
4259684135173362592,987739,1490044518
-3384454811415319223,987739,1490044537
-8986053192639699101,987739,1490044551
-8511515721074068825,987739,1490044512
2633201243162238593,987739,1490044558
271598944499715594,987739,1490044567
-2649122186335522019,987739,1490044518
-7593831855960384939,987739,1490044543
-3591613472228229039,987739,1490044557
-3175257044655537139,987739,1490044561
5738369900402873811,987739,1490044550
1511561941680108419,987739,1490044559
7643718317573973011,987739,1490044562
-5804984545806755535,987739,1490044515
-5652050720878784761,987739,1490044528
-7623871126700682615,987739,1490044548
-4581635281505593869,987739,1490044544
-6967299172375802940,987739,1490044562
1833868590999360341,341153,1490044563
-5708248251666338138,951055,1490044516
8234459355334949911,958981,1490044541
1938554793735704939,959111,1490044562
-4704824264615054630,74840,1490044558
4935237332864084292,987389,1490044542
3223019654961255432,987389,1490044546
1116748442718809434,987787,1490044549
-6706770250358536153,987787,1490044536
1321087005659598144,987787,1490044557
-7771121599037350499,987787,1490044547
6627297945015676119,987787,1490044550
4829316455775236099,987787,1490044564
5919103909121174500,987787,1490044563
2341490924098129182,987787,1490044545
-5635182967468622025,987787,1490044538
2568653189670362197,162462,1490044543
5995799252139659973,898470,1490044563
262057960339978064,975415,1490044547
-1407296782071018582,987506,1490044532
-6769738780081862329,987506,1490044535
457344858153425547,987506,1490044526
2494409133928792124,987506,1490044518
8084634243642817720,987506,1490044558
4152447398742949815,983971,1490044549
550277367913810620,987769,1490044545
2954866950309505736,987769,1490044563
6909769498889127141,987769,1490044556
-1383065975207273070,987769,1490044563
-6117506240559707118,987717,1490044522
6797404899861189286,134737,1490044545
-772355472981587564,987496,1490044514
1716818259460030931,987424,1490044564
-7918069455089132233,987257,1490044541
7777146320537215952,986789,1490044555
2558445992340831764,986789,1490044570
-6167725035247706396,986789,1490044529
3333627589736913780,986789,1490044557
-408046806297727880,986789,1490044518
-7178938269953697645,986789,1490044529
-8375124545023256647,986789,1490044536
1249717143543271387,986789,1490044511
5810251719138977722,961446,1490044541
2677097515475126787,987398,1490044516
-6346713620319496834,987398,1490044557
-5086560673318802613,968701,1490044537
5547398570080711919,914767,1490044529
4986429662754910382,87678,1490044535
20348338771985728,986501,1490044506
4678825036331460720,859214,1490044546
-3889744905257619730,416665,1490044533
-8976036174800666779,987430,1490044567
-1947063063263915201,987430,1490044552
1716818259460030931,987430,1490044554
7999818210063062653,987430,1490044543
